3550 5075
769 1521 959 1675 Qui
1008 1588 1217 1656 Plinii
1265 1589 1534 1656 fuerint
1579 1588 1807 1656 fontes
1857 1588 1931 1655 in
1981 1589 2335 1655 artificum
2401 1590 2723 1674 historia,
2795 1610 3005 1657 nemo

537 1716 819 1780 eorum,
877 1696 998 1783 qui
1033 1696 1120 1763 ad
1154 1695 1347 1763 hunc
1381 1696 1570 1762 diem
1603 1697 1678 1763 in
1710 1716 1794 1763 ea
1827 1698 2238 1785 quaestione
2274 1697 2700 1785 inquirenda
2748 1698 3003 1765 versati

539 1809 734 1888 sunt,
786 1804 882 1869 ita
920 1802 1199 1870 videtur
1231 1802 1780 1889 demonstrasse,
1860 1810 1937 1871 ut
2000 1822 2289 1870 omnem
2338 1825 2421 1871 ex
2496 1805 2751 1871 animis
2800 1804 3009 1871 dubi-

543 1910 888 1977 tationem
961 1909 1250 1976 tolleret·
1302 1911 1644 1997 novisque
1693 1911 2265 2001 indagationibus
2312 1911 2551 1979 locum
2600 1932 2743 1979 non
2792 1910 3009 1979 relin-

539 2021 818 2105 queret.
889 2014 1086 2095 Quae
1137 2036 1303 2083 cum
1351 2017 1448 2083 ita
1496 2018 1656 2102 sint,
1713 2018 2053 2085 suadente
2102 2024 2172 2085 et
2232 2018 2557 2084 hortante
2624 2017 2996 2103 UrlichsiO,

536 2124 669 2210 qui
717 2122 824 2188 vir
888 2131 957 2190 et
1003 2123 1286 2212 ingenio
1335 2130 1404 2189 et
1451 2124 1770 2191 doctrina
1816 2130 2143 2212 praestat,
2200 2145 2327 2213 ego
2378 2145 2659 2212 quoque
2709 2124 2796 2191 ad
2844 2145 3001 2191 eam

537 2228 954 2295 solvendam
1013 2230 1222 2296 statui
1292 2218 1420 2316 pro
1475 2230 1746 2298 viribus
1803 2232 2247 2319 aliquantum
2307 2230 2651 2300 conferre.
2768 2232 2999 2299 Huius

540 2334 806 2403 laboris
853 2336 994 2403 mei
1043 2336 1368 2403 fructum.
1403 2337 1536 2403 hac
1584 2337 2075 2406 dissertatione
2124 2339 2442 2425 exposui.

759 2458 915 2544 Sed,
980 2460 1399 2548 priusquam
1461 2480 1613 2527 rem
1671 2462 1901 2549 ipsam
1959 2462 2405 2552 aggrederer,
2491 2461 2684 2528 haud
2750 2462 3000 2529 inutile

529 2588 692 2634 esse
741 2567 909 2634 duxi
957 2572 1026 2633 et
1075 2567 1404 2654 supplere
1454 2589 1635 2656 quae
1671 2569 1744 2636 C.
1786 2569 1864 2636 Β.
1906 2570 2225 2637 Starkius
2275 2569 2361 2636 de
2416 2569 2665 2637 studiis
2716 2571 2793 2636 in
2842 2591 3001 2638 eam

531 2675 808 2743 collatis
855 2675 1149 2763 praebet
1196 2674 1646 2764 (Systematik
1694 2677 1842 2744 und
1891 2675 2313 2744 Geschichte
2363 2676 2489 2742 der
2529 2675 2995 2766 Archaologie

530 2781 666 2848 der
711 2781 961 2866 Kunst,
1027 2781 1328 2870 Leipzig,
1388 2784 1580 2868 1880,
1637 2783 1707 2850 S
1761 2783 1920 2872 375)
1972 2790 2041 2850 et
2087 2783 2423 2869 indicare,
2488 2783 2659 2870 quid
2716 2784 2811 2868 ei,
2878 2785 3001 2870 qui

529 2894 700 2954 ante
750 2909 863 2955 me
913 2909 1201 2976 operam
1252 2890 1316 2954 ei
1364 2890 1467 2955 rei
1515 2897 1982 2975 navaverunt,
2054 2891 2357 2956 assecuti
2406 2909 2559 2956 esse
2610 2889 2747 2958 sibi
2808 2890 3004 2956 vide-

533 3001 807 3062 rentur.
862 2995 947 3062 Et
978 2997 1254 3082 primus
1288 2996 1577 3083 quidem
1627 2996 1700 3063 C.
1757 2995 1841 3064 G.
1897 2997 2213 3085 Heynius
2264 3018 2421 3063 eam
2479 2997 2987 3084 quaestionem,

530 3101 624 3168 de
674 3123 813 3189 qua
883 3103 1131 3190 agitur,
1208 3093 1657 3169 tractandam
1720 3105 2031 3191 suscepit
2099 3125 2179 3170 ac
2253 3104 2571 3192 primum
2641 3103 2993 3172 historicis

535 3208 826 3275 Graecis
887 3208 1013 3296 (cf.
1070 3207 1330 3296 Opusc.
1385 3208 1602 3276 Acad.
1658 3217 1828 3278 tom.
1882 3210 1963 3276 V.
2018 3231 2087 3298 p.
2142 3210 2333 3298 366),
2414 3209 2668 3276 deinde
2740 3209 2995 3297 Nepoti

537 3315 708 3404 (vgl.
764 3315 1136 3402 Antiquar.
1192 3315 1392 3382 Aufs.
1449 3317 1535 3382 II.
1590 3316 1688 3383 St.
1743 3316 1813 3383 S.
1868 3317 1991 3404 97)
2059 3316 2414 3385 artificum
2478 3318 2655 3384 vitas
2716 3317 2985 3383 tribuit.

539 3421 704 3488 Post
752 3442 918 3489 eum
966 3421 1335 3508 Adolphus
1393 3423 1765 3512 Briegerus
1831 3425 2210 3511 opusculo,
2281 3424 2469 3512 quod
2529 3423 2985 3489 inscribitur:

456 3529 462 3535 '
537 3527 660 3594 De
732 3528 1203 3596 fontibus
1281 3529 1784 3596 librorum
1854 3531 2173 3614 XXXIII,
2251 3529 2589 3614 XXXIV,
2676 3531 2986 3615 XXXV,

525 3634 874 3720 XXXVI,
939 3635 1480 3704 Naturalis
1540 3637 2066 3704 Historiae
2124 3636 2687 3722 Plinianae,
2768 3658 2992 3724 qua-

533 3747 832 3808 tenus
882 3742 977 3809 ad
1028 3750 1339 3809 artem
1389 3744 1937 3830 plasticam
1984 3745 2540 3832 pertinent,
2600 3743 2977 3831 Gryphiae,

529 3849 731 3932 1857,
811 3848 947 3916 alia
995 3849 1148 3916 aliis
1197 3849 1541 3935 fontibus,
1626 3849 1919 3917 Varroni
1970 3851 2225 3938 Nepoti
2276 3850 2635 3935 Muciano,
2705 3851 2988 3917 Pasiteli

525 3953 822 4021 Graecis
871 3957 1299 4042 auctoribUS,
1343 3957 1694 4023 similibus
1731 3957 2127 4023 vindicavit.
2212 3957 2421 4048 Hunc
2458 3957 2729 4044 excepit
2762 3956 2989 4024 Theo-

393 4145 398 4148 ·
503 4059 687 4127 dori
739 4060 1140 4129 Schreiberi
1189 4063 1613 4150 disputatio:
1715 4061 2321 4142 Quaestionum
2393 4064 2489 4129 de
2561 4063 2987 4130 artificum

530 4167 956 4235 aetatibus
1000 4167 1082 4235 in
1129 4169 1386 4236 Plinii
1434 4168 1522 4236 N.
1554 4169 1641 4235 H.
1693 4167 1941 4235 libris
1988 4167 2283 4235 relatis
2330 4171 2779 4257 specimen,
2822 4169 2987 4258 Lip-

523 4274 698 4360 siae,
736 4275 929 4359 1872,
963 4275 1036 4340 in
1059 4296 1200 4364 qua
1233 4297 1270 4342 e
1303 4275 1742 4343 Varroniana
1767 4277 1935 4354 artis
1967 4276 2261 4343 historia
2292 4275 2604 4342 Plinium
2630 4295 2713 4342 ea
2744 4295 2983 4362 sump-

523 4380 728 4466 sisse,
754 4401 935 4469 quae
963 4381 1048 4448 de
1075 4382 1343 4449 artibus
1368 4382 1599 4466 tradit,
1633 4383 2118 4450 demonstrare
2146 4391 2438 4450 conatus
2464 4389 2591 4450 est.
2630 4381 2983 4450 Henricus

1499 4511 1943 4616 2476153
