3550 5075
1626 332 1979 396 —14-

574 491 650 557 in
697 491 968 558 indices
1017 492 1418 578 rettulisse3
1499 491 1909 559 auctoribus
1957 492 2350 579 exquisitis,
2433 493 2489 559 si
2562 511 2739 579 quos
2810 481 3030 558 libros
3114 550 3117 553 ,

566 600 1127 686 -exscripsissent,
1216 620 1393 687 quos
1443 600 1592 687 ipse
1649 599 1941 686 quidem
1998 620 2142 667 non
2215 600 2519 683 adiisset,
2599 600 2722 666 sed
2794 606 3033 665 tamen

575 703 889 772 indicare
936 706 1291 791 voluisset,
1372 707 1622 773 saltem
1673 706 1966 773 nomina
2014 727 2285 792 eorum,
2365 708 2487 794 qui
2534 706 3025 791 confecissent,

575 812 685 879 vel
717 812 1030 899 primum
1064 815 1172 880 vel
1209 813 1542 881 ultimum
1591 814 1666 880 in
1717 814 2221 880 enumerandis
2270 814 2373 880 eis
2421 814 2754 881 omnibus
2793 814 3031 881 locum

569 916 850 985 dedisse
879 919 1184 1005 (Brunnt
1217 920 1328 986 De
1365 926 1806 986 auctorum
1839 919 2264 987 indicibus
2299 920 2717 986 Plinianis
2753 920 3033 1007 dispu-

573 1025 777 1091 tatio
827 1025 1284 1115 isagogica,
1316 1026 1626 1110 Bonnae,
1656 1028 1849 1107 1856,
1884 1047 1953 1112 p.
1978 1027 2066 1112 1).
2123 1026 2367 1115 Itaque
2400 1046 2566 1094 cum
2589 1026 2845 1093 diversi
2872 1024 3033 1093 arti-

573 1130 742 1198 fices
774 1132 1050 1199 diverso
1077 1132 1288 1199 modo
1315 1133 1592 1199 tractati
1617 1132 1778 1216 sint,
1820 1133 1895 1197 in
1927 1131 2247 1198 XXXIII.
2280 1134 2461 1201 libro
2496 1134 2879 1201 caelatores
2911 1132 3033 1199 ad-

573 1238 868 1305 modum
894 1240 1140 1326 paucis
1168 1240 1258 1326 (§§
1288 1239 1689 1325 154-157),
1745 1239 2237 1325 compluribus
2262 1242 2583 1310 statuarii
2614 1242 2689 1307 in
2711 1239 3025 1307 XXXIV.

571 1344 752 1413 libro
804 1346 1150 1433 (49—93),
1218 1347 1275 1413 si
1326 1346 1769 1435 singulorum
1819 1346 1982 1413 libri
2032 1346 2321 1414 fuerunt
2367 1349 2685 1434 inspecti,
2742 1367 3030 1413 necesse

569 1452 724 1536 fuit,
783 1462 860 1519 ut
909 1474 1200 1540 prorsus
1250 1453 1524 1519 diverso
1575 1454 1825 1520 ordine
1873 1455 1948 1520 in
1996 1454 2266 1521 indices
2314 1454 2769 1521 referrentur.
2826 1454 3030 1535 Quod

569 1555 743 1625 cum'
787 1560 989 1626 aliter
1049 1581 1122 1627 se
1157 1640 1160 1648 Ι
1193 1560 1470 1645 habeat,
1558 1566 1829 1627 ceteros
1903 1581 1987 1626 ex
2051 1581 2193 1629 uno
2266 1561 2577 1648 quodam
2646 1561 3029 1648 exscriptos

497 1683 500 1685 ’
565 1686 725 1733 esse
774 1666 1116 1734 dicemus
2078 1720 2087 1727 .

784 1773 976 1840 Haec
1026 1795 1190 1841 cum
1241 1776 1691 1858 dissererem,
1727 1774 2212 1841 Detlefsenum
2262 1775 2513 1841 indicis
2563 1776 2715 1842 eius
2758 1783 3030 1862 postre-

567 1902 851 1949 morum
952 1881 1266 1969 quinque
1371 1884 1746 1949 nominum
1849 1880 2063 1947 fidem
2172 1882 2248 1947 in
2342 1882 2641 1949 dubium
2735 1902 3019 1949 vocasse

569 1988 1028 2076 (Philologus,
1109 1988 1187 2055 B.
1242 1978 1596 2072 XXVIII,
1642 1988 1712 2055 S.
1767 1990 1951 2074 709),
2024 1994 2358 2073 quattuor
2406 1988 2609 2055 uncis
2658 1988 3029 2055 inclusisse

565 2093 672 2182 (C.
726 2094 802 2161 P.
857 2094 1164 2185 Secundi
1230 2095 1572 2162 naturalis
1631 2095 1948 2181 historia,
1988 2096 2145 2163 ,vol.
2202 2094 2255 2161 I.
2310 2117 2378 2181 p.
2437 2096 2573 2181 64),
2643 2101 2722 2161 ut
2792 2096 3031 2162 omnia

564 2201 994 2286 delerentur,
1076 2202 1438 2269 monuisse
1488 2202 1944 2291 (Philologus,
2000 2202 2314 2284 XXVIII,
2385 2202 2539 2289 709)
2614 2181 2758 2268 non
2828 2202 3029 2291 igno-

563 2308 833 2374 rabam.
891 2308 1027 2375 Sed
1059 2308 1527 2396 perpendens,
1585 2310 1846 2396 quibus
1880 2309 2274 2377 rationibus
2316 2315 2551 2376 motus
2600 2309 3027 2375 mutationes

568 2414 722 2481 illas
771 2416 1237 2503 proposuerit,
1298 2416 1370 2481 in
1419 2416 1571 2482 eius
1621 2417 2045 2483 sententiam
2096 2422 2173 2482 ut
2222 2415 2637 2499 concedam,
2704 2435 2848 2482 non
2897 2415 3020 2481 ad-

552 2520 804 2590 ducor.
862 2522 1300 2590 Menandri
1349 2522 1638 2611 quidem
1689 2529 1757 2590 et
1804 2530 2330 2592 toreutarum
2386 2522 2773 2607 vocabula,
2842 2543 3018 2612 quas

560 2628 897 2704 lectiones
947 2632 1194 2719 optimi
1245 2631 1522 2698 codices
1591 2631 1649 2697 V
1718 2638 1787 2697 et
1856 2655 1897 2698 α
1944 2631 2307 2718 praebent,
2375 2628 2907 2697 Menaechmo
2957 2637 3026 2696 et

555 2738 974 2804 toreutice
1023 2738 1514 2826 dittographia,
1572 2759 1787 2825 quam
1837 2744 2109 2822 vocant,
2166 2744 2318 2804 orta
2382 2757 2533 2803 esse
2586 2742 2807 2824 putat.
2864 2729 3020 2817 Qua

561 2843 634 2908 in
683 2863 757 2908 re
808 2845 938 2910 etsi
985 2845 1225 2933 negari
1275 2865 1420 2912 non
1468 2851 1697 2932 potest
1743 2843 1900 2911 fieri
1948 2846 2281 2932 potuisse,
2350 2850 2427 2911 ut
2476 2844 3023 2912 Menaehmus

563 2969 776 3035 prave
811 2951 884 3016 in
913 2951 1459 3018 Menandrum
1487 2959 1906 3034 mutaretur,
1940 2959 2208 3019 tantam
2239 2951 2455 3017 fuisse
2488 2951 2759 3017 librarii
2789 2951 3029 3041 negle-

563 3057 895 3144 gentiam,
939 3065 1016 3124 ut
1064 3059 1137 3123 in
1186 3059 1666 3125 exscribendis
1714 3059 2007 3126 vocibus
2045 3059 2448 3141 nonssmodo
2500 3057 3026 3125 Menaechmi

561 3183 811 3229 verum
847 3165 1060 3230 etiam
1109 3165 1559 3232 toreutices
1597 3172 1885 3246 erraret,
1929 3153 2088 3252 quis
2138 3166 2272 3231 sibi
2325 3164 2791 3251 persuadeat?
2840 3165 3025 3232 Con-

564 3268 922 3335 iicientem
971 3276 1334 3356 praeterea
1382 3270 1868 3338 Detlefsenum
1931 3273 2220 3338 nomina
2282 3271 2402 3337 illa
2465 3292 2549 3337 ex
2612 3271 3027 3359 insequente

562 3374 742 3441 libro
779 3377 852 3441 in
884 3376 1076 3442 hunc
1113 3377 1420 3443 indicem
1455 3379 1824 3465 irrepsisse
1876 3378 1973 3444 ita
2020 3377 2538 3466 redarguimUS,
2596 3383 2672 3443 ut
2705 3376 3025 3444 dicamus

561 3490 936 3569 propterea
984 3483 1052 3548 id
1103 3484 1309 3550 nobis
1345 3487 1583 3552 miuus
1632 3486 1939 3571 probari,
1999 3485 2188 3572 quod
2240 3485 2315 3550 in
2366 3505 2507 3550 uno
2557 3485 2896 3570 medium,
2952 3485 3025 3552 in

567 3588 784 3656 altero
835 3588 1169 3656 ultimum
1218 3590 1456 3658 locum
1505 3590 1848 3658 obtinent.
1948 3591 2085 3658 Sed
2134 3591 2219 3657 de
2270 3590 2699 3675 auctoribUS,
2764 3591 3024 3678 quibus

555 3695 908 3762 debeatur
956 3696 1388 3763 caelatorum
1453 3697 1854 3783 descriptio,
1935 3718 2064 3763 cur
2135 3697 2459 3764 codicum
2534 3698 3023 3764 auctoritatem

563 3803 739 3868 tanti
787 3801 1154 3886 faciamUS,
1215 3823 1401 3887 cum,
1459 3800 1754 3890 quinam
1804 3803 2035 3870 fontes
2084 3804 2159 3869 in
2209 3824 2289 3870 eo
2342 3803 2576 3870 indice
2624 3803 2824 3870 relati
2884 3805 3024 3870 sint

561 3907 674 3972 vel
723 3908 796 3973 in
845 3928 1010 3973 eum
1080 3908 1344 3976 fuerint
1415 3909 1789 3994 referendi,
1871 3910 2243 3976 manifesto
2318 3911 2591 3978 Plinius
2662 3911 2797 3977 alio
2870 3911 3022 3977 loco

556 4013 930 4080 declaret?
979 4014 1184 4098 Nam,
1241 4036 1408 4083 cum
1459 4022 1781 4082 auctores
1832 4037 1996 4084 suos
2045 4016 2302 4100 laudet,
2361 4017 2549 4103 quod
2600 4017 2900 4083 eandem
2949 4017 3023 4083 in

566 4120 947 4187 tractandis
1027 4122 1496 4190 caelatoribus
1576 4122 2015 4212 diligentiam
2094 4123 2550 4191 adhibuerint
2646 4130 2855 4211 atque
2948 4125 3023 4189 in

560 4227 919 4294 statuariis
968 4227 1274 4315 (XXXV,
1329 4229 1467 4315 45),
1547 4228 1835 4296 eosdem
1884 4249 2175 4316 prorsus
2234 4229 2463 4297 fontes
2534 4231 2670 4298 sihi
2742 4236 3019 4318 praesto

565 4333 782 4402 fuisse
831 4343 898 4402 et
945 4337 1020 4402 in
1069 4337 1422 4404 statuariis
1494 4342 1560 4403 et
1624 4337 1699 4402 in
1772 4337 2241 4404 caelatoribus
2314 4344 2553 4424 aperte
2624 4337 3016 4424 profitetur.

559 4441 764 4521 Quae
800 4464 963 4509 cum
998 4444 1093 4510 ita
1127 4444 1286 4529 sint,
1344 4443 1689 4531 quidquid
1748 4445 2082 4512 exhibent
2130 4443 2407 4510 codices
2456 4443 2541 4509 de
2592 4443 3021 4511 caelatorum
