3550 5075
1577 272 1987 417 413--

545 514 674 603 περὶ
743 513 1124 602 ἀκροπόλεως
1195 513 1558 599 scripsisse
1623 512 2031 579 Athenaeus
2102 512 2313 579 tradit
2378 512 2524 597 (IX,
2582 534 2649 599 p.
2702 514 2855 597 406,
2914 497 3003 599 (ἡ,

546 620 616 685 id
643 620 832 706 quod
861 620 947 689 ad
973 620 1336 685 veritatem
1363 620 1681 707 proxime
1730 619 2001 687 accedit
2025 619 2137 702 (cf.
2170 619 2583 707 Briegerum
2612 619 2656 684 l.
2689 619 2734 685 l.
2766 640 2834 706 p.
2866 620 2999 705 33),

546 725 681 801 nisi
729 726 804 792 in
851 725 1398 792 Atheniensium
1447 746 1606 791 arce
1657 725 1996 792 collocata
2045 744 2259 811 opera
2306 726 2380 791 in
2428 724 2609 791 libro
2684 745 2809 791 suo
2860 745 3005 791 non

536 831 955 919 'complexus
990 838 1114 898 est.
1171 831 1357 910 Quid
1389 833 1603 921 igitur
1636 832 2013 919 sequitur?
2065 832 2361 920 Nempe,
2418 833 2602 898 utin
2652 852 2733 898 eo
2778 830 2864 899 N.
2907 830 2999 897 H.

545 939 748 1024 libro,
827 940 1030 1005 cuius
1078 940 1152 1004 in
1201 938 1432 1005 indice
1482 959 1746 1005 nomen
1819 940 1971 1005 eius
2047 938 2371 1023 refertur,
2454 938 3003 1005 Atheniensium

545 1037 1078 1111 anathematum
1125 1045 1234 1111 vel
1283 1045 1581 1111 minima
1630 1046 1719 1111 sit
1767 1045 2032 1111 mentio
2084 1044 2287 1111 facta.
2355 1045 2559 1125 Quod
2610 1046 2666 1111 si
2717 1064 3010 1132 exspec—

542 1159 798 1235 tamus,
853 1152 1310 1219 vehementer
1380 1173 1501 1239 spe
1573 1152 1994 1239 decipimur.
2095 1151 2392 1219 Nullum
2464 1152 2833 1236 indicium,
2912 1172 3007 1217 ne

541 1259 913 1347 vestigium
949 1258 1238 1345 quidem
1272 1258 1486 1325 ullius
1519 1256 1621 1324 rei
1657 1264 1967 1345 apparet,
2024 1257 2215 1344 quod
2263 1258 2351 1323 ad
2386 1258 2700 1324 Athenas
2748 1257 2997 1324 referri

541 1366 783 1452 possit.
883 1365 1224 1431 Romanis
1295 1362 1510 1431 rebus
1581 1363 1762 1430 liber
1832 1364 1979 1430 fere
2051 1370 2238 1430 totus
2310 1370 2415 1430 est
2486 1364 2833 1447 refertusf,
2886 1364 3009 1429 'de

543 1470 830 1539 Graecis
856 1470 1239 1537 admodum
1267 1491 1512 1557 pauca,
1570 1470 1656 1537 de
1681 1470 2239 1537 Atheniensibus
2266 1491 2355 1537 ne
2381 1472 2681 1537 verbum
2710 1471 3003 1557 quidem

542 1583 1164 1645 commemoratur.
1223 1577 1489 1644 Verum
1538 1564 1898 1643 enimvero
1950 1560 2240 1644 omnino
2290 1596 2580 1643 necesse
2630 1584 2753 1660 est,
2810 1583 2890 1642 ut
2940 1578 2999 1643 is

541 1684 756 1769 liber,
843 1704 1056 1772 quem
1097 1684 1364 1751 fontem
1435 1684 1652 1751 fuisse
1724 1684 2033 1751 declaret
2103 1684 2314 1750 index
2384 1684 2662 1771 aliquiS,
2742 1704 2782 1749 a
2853 1668 3001 1771 quo

545 1790 781 1857 a'utem
831 1790 1115 1857 aliunde
1165 1796 1437 1857 constet
1481 1790 1659 1855 nihil
1709 1810 1862 1856 esse
1912 1796 2300 1876 sumptum,
2367 1811 2510 1857 non
2560 1790 2648 1856 sit
2695 1791 2845 1876 ipse
2895 1790 3009 1855 in-

545 1905 848 1984 spectUS,
905 1896 1026 1963 sed
1061 1896 1148 1963 ab
1185 1897 1320 1963 alio
1370 1897 1679 1984 quodam
1729 1904 2015 1963 auctore
2065 1918 2208 1963 una
2256 1918 2421 1963 cum
2470 1898 2759 1963 nomine
2819 1898 2995 1983 eiUS,

543 2004 666 2091 qui
715 2006 1132 2090 composuit,
1213 2004 1626 2090 exscriptus.
1723 2042 1813 2052 —
1906 2004 2055 2070 Iam
2102 2024 2265 2071 vero
2316 2004 2403 2070 de
2451 2006 2809 2071 toreutis
2858 2006 3000 2093 egit

533 2110 922 2181 Menander
990 2111 1102 2194 (cf.
1157 2111 1465 2176 indicem
1515 2111 1676 2177 libri
1724 2110 2101 2194 XXXIII).
2205 2112 2350 2177 Hos
2424 2111 2977 2195 OehmichenUS,

533 2219 700 2305 quia
744 2238 875 2284 vox
924 2220 1376 2286 toreutice-es
1424 2219 1792 2305 plasticam
1850 2216 2074 2285 artem
2154 2220 2542 2307 generatim
2626 2224 2983 2304 sumptam

533 2325 870 2413 designat,
927 2324 1256 2411 plasticos
1283 2321 1585 2391 artifices
1613 2325 1939 2413 intelligit
1972 2324 2134 2413 (vgl.
2168 2324 2236 2391 S.
2273 2324 2451 2413 193).
2506 2324 2643 2391 Sed
2678 2332 2995 2411 praeter·-

534 2452 770 2518 quam,
849 2431 1033 2519 quod
1085 2432 1234 2519 ipse
1284 2431 1592 2497 Plinium
1657 2431 1917 2497 fatetur
1985 2432 2058 2497 in
2132 2431 2563 2519 designando
2636 2429 2988 2497 artificum

534 2559 790 2627 genere
824 2539 955 2605 sibi
991 2559 1134 2606 non
1169 2545 1490 2606 constare
1525 2539 1783 2626 (ibid),
1840 2559 1983 2604 non
2031 2539 2308 2605 videtur
2356 2537 2935 2605 animadvertisse
2970 2559 2982 2602 ⁴.

532 2647 844 2732 primum
879 2646 1168 2712 omnino
1195 2665 1715 2732 supervacuum
1743 2643 1896 2710 fieri
1930 2646 2531 2712 statuariorum
2558 2644 2987 2712 vocabulum·

532 2753 606 2817 in
676 2752 955 2818 XXXV.
1032 2752 1194 2819 libri
1265 2753 1448 2840 §54,
1529 2753 1792 2839 quippe
1863 2753 1986 2838 qui
2058 2753 2353 2818 toreutis
2426 2753 2981 2834 continerentur,

535 2857 788 2924 deinde
837 2857 1148 2924 Plinium
1197 2858 1418 2924 videri
1489 2877 1858 2924 secernere
1930 2878 2071 2941 eoS,
2152 2878 2328 2946 quos
2399 2859 2739 2942 tractavit,
2795 2858 2865 2923 h.
2922 2877 2983 2923 e.

535 2965 906 3032 statuarios
957 2965 1030 3051 (l.
1083 2964 1425 3051 XXXIV),
1483 2965 1865 3031 caelatores
1916 2963 2284 3051 [toreutas]
2345 2963 2418 3052 (l.
2472 2962 2821 3050 XXXIII),
2900 2963 2989 3029 ab

534 3073 671 3156 eiS,
758 3092 1063 3159 quorum
1112 3071 1662 3158 descriptionem
1720 3073 1796 3136 in
1873 3071 2152 3137 XXXV.
2230 3071 2408 3138 libro
2481 3077 2586 3137 est
2655 3071 2982 3155 initurUS,

535 3178 840 3265 denique
887 3173 1177 3265 prorsus
1225 3179 1579 3244 immerito
1632 3177 2124 3262 Menandrum,
2204 3185 2641 3245 toreutarum
2690 3177 2982 3262 fontem,

537 3285 609 3350 in
669 3285 1024 3352 librorum
1094 3284 1406 3351 XXXIV.
1463 3291 1530 3351 et
1579 3285 1889 3350 XXXVI.
1967 3285 2319 3352 indicibus
2392 3305 2543 3350 esse
2615 3284 2982 3368 omissum,

535 3411 699 3457 cum
747 3393 1040 3458 toreutis
1098 3393 1632 3458 continerentur
1701 3393 2020 3457 statuarii
2094 3399 2162 3457 et
2238 3391 2643 3477 scalptores
2743 3390 2991 3477 Itaque

536 3518 700 3563 cum
735 3497 1124 3564 Menander
1155 3497 1242 3563 de
1283 3497 1578 3564 toreutis
1629 3499 1867 3586 egerit,
1924 3498 2183 3584 quibus
2233 3495 2721 3585 significantur
2767 3495 2993 3563 caela-

535 3609 744 3689 toreS,
796 3603 1569 3690 Menandro‘pleraque
1619 3624 1866 3670 earum
1914 3611 2178 3688 re‘rum,
2234 3624 2415 3690 quae
2464 3603 2551 3669 de
2600 3601 2988 3670 artificibus

537 3711 675 3776 illis
708 3716 1106 3795 narrantur,
1147 3710 1504 3776 vindicare
1539 3729 1943 3796 possumus.
2000 3709 2202 3788 Quod
2237 3711 2295 3776 si
2328 3710 2729 3804 fecerimus,
2771 3730 2994 3796 prope

535 3817 713 3884 nihil
761 3817 1175 3902 remanebit,
1232 3809 1421 3904 quod
1455 3818 1668 3883 ceteri
1703 3817 2024 3884 conferre
2058 3818 2439 3904 potuerint.
2487 3825 2582 3864 ³—-
2628 3816 2775 3906 Age
2824 3837 2994 3882 vero

533 3923 854 3992 XXXIII.
924 3923 1083 3990 libri
1133 3924 1438 3990 indicem
1491 3924 1732 3991 confer
1781 3945 1945 3990 cum
1995 3925 2431 4011 insequentis
2481 3925 2644 3992 libri
2693 3924 2927 3990 indice
2968 3944 2981 3988 :

535 4033 678 4098 iam
756 4036 1036 4117 praeter
1103 4031 1465 4096 inversum
1554 4029 1888 4118 Antigoni
1984 4030 2571 4117 Menaechmique
2665 4030 2989 4096 ordinem

535 4138 1021 4224 emissumque
1070 4136 1542 4204 Menandrum
1591 4143 1825 4204 cetera
1871 4157 2162 4224 prorsus
2216 4139 2619 4206 consentire
2690 4136 2985 4204 videbis,

537 4243 674 4310 Sed
741 4243 1072 4328 Brunnii,
1159 4263 1340 4330 quae
1419 4244 1705 4330 dicitur,
1795 4245 1948 4333 lege
2020 4245 2285 4311 scimus
2357 4245 2667 4312 Plinium
2740 4244 2992 4312 eodem

534 4345 802 4436 ordine,
860 4370 1000 4437 quo
1035 4351 1108 4417 in
1143 4351 1650 4438 componendis
1683 4352 1881 4418 libris
1918 4373 2089 4418 usus
2139 4359 2341 4436 esset,
2398 4357 2720 4418 auctores
2768 4351 2985 4418 etiam
