3550 5075
1601 357 1915 419 ...5—

521 552 1073 639 descriptionem
1145 552 1255 617 his
1335 551 1727 640 ingreditur
1808 550 2124 638 (XXXV,
2194 550 2393 638 54):-
2460 554 2666 636 „Non
2734 558 3001 619 constat·

514 662 648 726 sibi
722 662 800 726 in
874 655 994 725 nac
1066 666 1260 744 parte
1333 661 1728 725 Graecorum
1811 660 2151 744 diligentia
2237 660 2475 725 multas
2555 665 2703 743 post
2780 661 2989 743 olym-

511 768 754 850 piadas
809 768 1180 832 celebrando
1213 768 1492 849 pictores
1534 786 1728 847 quam
1775 767 2133 830 statuarios
2188 786 2261 830 ac
2326 770 2609 830 toreutas
2659 767 2985 849 primum-

516 894 643 955 que
689 874 1049 957 olympiade
1091 870 1576 958 nonaqesimaf‘
1655 868 1933 949 Quibus
1979 870 2212 936 verbis
2260 868 2451 935 haud
2500 870 2645 935 scio
2696 889 2983 955 annon

515 979 836 1064 apertius
884 977 1117 1043 dicere
1187 978 1538 1065 potuerit:
1619 996 1659 1041 a
1730 975 2021 1041 Graecis
2091 975 2591 1061 scriptoribus,
2676 994 2984 1061 quorum

514 1084 811 1151 omnino
859 1083 1214 1149 laudanda
1261 1090 1445 1149 esset
1491 1082 1873 1171 diligentia,
1941 1081 2255 1167 profecta
2302 1102 2456 1153 esse
2506 1103 2609 1166 ea,
2676 1102 2859 1169 quae
2907 1083 2983 1151 in

521 1189 842 1267 XXXIII.
897 1196 966 1255 et
1039 1188 1349 1255 XXXIV.
1405 1189 1584 1256 libro
1663 1188 1749 1255 de
1800 1188 2270 1255 caelatoribus
2320 1188 2427 1275 (gg
2465 1188 2880 1279 154—157)
2919 1195 2987 1255 et

515 1297 877 1362 statuar-iis
950 1298 1048 1385 (ἐξ
1093 1297 1396 1383 49—93)
1469 1295 1913 1377 tradidisset3
1995 1295 2117 1380 qui
2192 1294 2443 1360 Graeci
2518 1316 2683 1361 cum
2756 1295 2830 1360 in
2902 1315 2983 1361 eo

520 1409 795 1469 tanturn
845 1409 1081 1469 essent
1128 1402 1714 1489 reprehendendi,
1794 1401 1985 1488 quod
2033 1398 2208 1466 falso
2274 1400 2409 1467 sihi
2470 1402 2988 1487 persuasissent

511 1516 681 1575 ante
714 1508 855 1575 XC.
897 1510 1295 1597 olympiada
1343 1508 1621 1576 nullum
1673 1509 2019 1575 exstitisse
2069 1508 2411 1594 pictorem
2463 1508 2841 1592 celebrem,
2899 1529 2984 1573 ex

508 1616 784 1681 eisdem
833 1636 987 1683 esse
1036 1616 1518 1703 depromenda
1565 1636 1678 1699 ea,
1759 1636 1941 1702 quae
1995 1615 2153 1684 inde
2214 1615 2301 1681 ab
2364 1636 2445 1680 eo
2518 1621 2837 1702 tempore
2898 1615 2985 1680 de
3047 1606 3052 1612 ’

515 1723 908 1807 pictoribus
957 1730 1192 1790 essent
1240 1723 1744 1806 memoranda,
1824 1744 1863 1789 a
1923 1723 2209 1789 Graecis
2271 1740 2595 1788 manasse
2652 1723 2859 1805 haee,
2894 1736 2899 1743 ·
2940 1742 2981 1787 a

515 1828 860 1896 Romanis
907 1830 1048 1896 illa.
1148 1830 1398 1916 Neque
1445 1828 1632 1895 dicat
1698 1830 1858 1915 quis
1918 1828 2353 1895 Graecorum
2414 1826 2702 1895 illorum
2762 1828 2981 1894 libros

513 1934 824 2000 Plinium
863 1935 1344 2002 intercedente
1379 1934 1700 2002 Romano
1752 1942 2039 2001 auctore
2089 1934 2519 2001 adhibuisse.
2589 1934 2774 2001 Nam
2823 1934 2977 1999 eius

507 2042 721 2109 verba
770 2051 935 2110 sunt
981 2042 1470 2131 intellegenda,
1527 2048 1737 2129 prout
1786 2047 2060 2108 sonant.
2148 2040 2378 2120 Quam
2428 2040 2516 2107 ob
2568 2061 2744 2125 rem,
2802 2061 2968 2106 cum

397 2194 406 2202 -
499 2148 696 2215 solos
767 2148 1076 2216 Graecos
1149 2149 1488 2233 nominet,
1569 2148 1752 2215 solos
1826 2147 2154 2231 GraecOS,
2234 2148 2409 2234 quin
2454 2147 2567 2215 de
2642 2147 2967 2215 Romano

507 2255 728 2341 possit
777 2240 1085 2343 cogitari,
1165 2256 1239 2321 in
1287 2276 1499 2321 usum
1570 2261 1851 2321 vocatos
1921 2254 2319 2341 putandum
2391 2261 2516 2337 est,
2588 2254 2831 2337 immo,
2911 2254 2971 2319 si

500 2360 796 2428 Graecis
830 2362 968 2429 illis
995 2362 1570 2429 adnumerandus
1604 2369 1790 2428 esset
1838 2362 2137 2447 scriptor
2185 2360 2573 2444 RomanUS,
2630 2360 2976 2427 maiorem

503 2469 977 2558 negligentiae
1028 2469 1311 2557 culpam
1359 2470 1434 2535 in
1483 2490 1556 2535 se
1606 2469 2007 2537 admisisset
2055 2468 2325 2534 Plinius
2374 2488 2589 2556 quam
2638 2467 2725 2553 ei,
2793 2487 2974 2556 quos

501 2577 880 2662 vituperat.
935 2576 1205 2642 Deinde
1255 2597 1339 2642 ex
1387 2577 1488 2642 eis
1535 2577 1791 2658 verbiS,
1848 2595 2030 2662 quae
2079 2575 2288 2642 modo
2338 2574 2726 2659 attulimUS,
2783 2581 2974 2661 patet

497 2703 609 2766 -ea,
651 2704 832 2770 quae
866 2683 1029 2749 inde
1079 2704 1118 2750 a
1147 2683 1292 2750 XC.
1333 2683 1750 2770 olympiade,
1810 2683 1879 2749 id
1924 2689 2047 2767 est,
2106 2682 2269 2747 inde
2302 2702 2344 2747 a
2375 2682 2405 2768 ,ξ
2439 2683 2523 2746 60
2558 2688 2960 2765 narrantur,

496 2790 607 2882 eis
655 2790 937 2877 opponi,
1003 2809 1184 2878 quae
1233 2791 1307 2856 in
1353 2791 1416 2876 ἐξ
1467 2791 1732 2854 54-59
1775 2789 2177 2873 traduntur,
2244 2789 2317 2854 id
2366 2788 2555 2875 quod
2605 2793 2674 2854 et
2730 2788 2969 2875 aliqua

470 2897 858 2963 -sermonis
923 2895 1320 2962 differentia
1390 2898 1575 2963 inter
1638 2903 2015 2983 utramque
2086 2902 2359 2982 partem
2431 2901 2745 2962 exstante
2816 2915 2970 2961 sus-

506 3003 728 3088 picari
777 3002 940 3069 licet
972 3010 1041 3069 et
1072 3003 1419 3090 particula
1467 3008 1743 3070 autem
1777 3009 2017 3089 aperte
2067 3002 2506 3088 exprimitur.
2607 3001 2757 3067 Iam
2805 3021 2971 3069 vero

499 3129 675 3175 cum
733 3131 773 3176 a
831 3109 1124 3178 Graecis
1197 3131 1341 3177 non
1398 3111 1541 3176 sint
1595 3109 1940 3196 profecta,
2022 3110 2157 3175 nisi
2230 3129 2411 3196 quae
2469 3107 2634 3174 inde
2692 3129 2735 3174 a
2795 3107 2825 3196 ἕ
2885 3107 2973 3172 60

509 3224 1029 3302 memorantur,
1109 3217 1461 3303 sequitur,
1541 3222 1620 3283 ut
1665 3216 2089 3304 paragraphi
2138 3216 2403 3279 54—59
2451 3213 2539 3281 ad
2588 3213 2971 3300 RomanOS,

501 3323 656 3388 sive
703 3343 890 3389 unus
938 3323 1073 3391 fuit
1120 3323 1500 3408 adhibitus,
1555 3323 1701 3389 sive
1749 3322 2013 3409 plureS,
2087 3323 2227 3388 sint
2297 3320 2681 3410 referendi.
2774 3319 2974 3400 Quae

499 3449 674 3495 -cum
721 3430 819 3496 ita
867 3431 1026 3516 sint,
1105 3431 1164 3495 si
1213 3429 1650 3497 Graecorum
1707 3428 1927 3496 libros
2000 3428 2305 3496 Romani
2377 3428 2684 3494 auctoris
2756 3447 2974 3514 opera

499 3535 596 3601 ad
644 3535 956 3603 Plinium
1003 3537 1409 3624 pervenisse
1464 3536 2050 3621 iudicaverimUS,
2117 3536 2440 3603 Romano
2500 3534 2664 3600 inde
2714 3555 2754 3600 a
2801 3535 2832 3622 ἓ
2881 3535 2973 3600 60

499 3642 824 3710 -athbito
873 3643 1278 3710 Romanum
1333 3644 1409 3709 in
1465 3644 1528 3732 ἓξ
1575 3644 1841 3708 54-59
1900 3645 1975 3709 in
2034 3664 2245 3709 usum
2315 3649 2643 3709 vocatum
2709 3642 2970 3729 opponi

501 3750 641 3815 erit
687 3749 1093 3817 dicendum.
1191 3749 1284 3818 At
1332 3769 1542 3818 nemo
1592 3756 1716 3835 est,
1778 3751 1953 3837 quin
2003 3748 2253 3832 videat,
2311 3755 2659 3836 quantum
2707 3747 2883 3815 illud
2932 3768 2973 3814 a

499 3858 871 3922 communi
921 3877 1134 3924 sensu
1182 3858 1578 3924 abhorreat.
1635 3857 2009 3924 Praeterea
2056 3856 2423 3923 Romanus
2472 3855 2589 3920 ille
2639 3853 2962 3948 scriptor,
3060 3889 3063 3894 ·

501 3962 647 4048 qui,
689 3963 784 4028 ·si
831 3983 996 4029 vera
1043 3970 1227 4030 esset
1275 3963 1652 4046 sententia,
1710 3983 1928 4050 quam
1989 3963 2525 4050 impugnamuS,
2605 3981 2688 4027 ea
2735 3959 2963 4028 Plinio

500 4067 922 4153 tradidisset,
980 4090 1160 4157 quae
1210 4069 1374 4136 inde
1415 4091 1462 4136 a
1509 4069 1650 4136 XC.
1691 4069 2090 4157 olympiade
2140 4069 2389 4136 Graeci
2440 4067 2529 4136 de
2579 4066 2972 4155 pictoribus

504 4170 1098 4262 memoraverunt,
1155 4177 1344 4244 haud
1394 4198 1597 4244 secus
1646 4184 1856 4264 atque
1892 4177 2165 4260 Graeci,
2222 4197 2400 4262 quos
2450 4174 2962 4260 exscripsisset,

504 4280 760 4369 dignus
808 4282 1085 4368 fuisset,
1157 4284 1310 4371 qui,
1389 4283 1579 4371 quod
1643 4303 1944 4371 pravum
2008 4303 2255 4349 eorum
2320 4279 2724 4367 exemplum
2784 4285 2968 4346 esset

506 4395 812 4475 secutUS,
846 4390 1303 4457 vehementer
1327 4391 1870 4478 vituperaretur.
1928 4391 2334 4457 Romanum
2363 4389 2575 4477 igitur
2600 4392 2966 4454 auctorem
