3550 5075
1549 384 1906 446 *21—

485 580 662 627 casu
708 561 976 627 factum
1026 578 1200 643 esse,
1257 565 1335 626 ut
1383 566 1451 626 et
1497 560 1736 641 omnia
1783 560 2168 625 vitarum
2227 558 2641 647 fragmenta,
2708 555 2951 645 viginti

487 655 810 750 numero,
889 666 980 746 ad
1009 702 1014 707 ·
1047 664 1408 733 Romanos
1478 668 1914 752 pertinerent
1980 673 2051 732 et
2096 666 2389 753 Nepotis
2457 663 2949 731 testimonium.

490 773 912 840 Plutarchus
945 773 1082 840 nisi
1115 773 1188 839 in
1225 772 1713 841 Romanorum
1749 774 2014 839 ducum
2048 774 2207 839 vitis
2233 793 2376 839 non
2411 770 2694 839 afferret
2727 770 2941 857 (144).

483 880 647 960 Qua
693 900 770 946 re
818 880 989 946 item
1063 879 1553 964 admonemur,
1641 900 1730 947 ne
1804 880 1974 967 quid
2046 901 2130 946 ex
2200 880 2522 945 Pliniana
2592 876 2947 945 artificum

491 986 785 1053 historia
833 986 920 1051 ad
955 984 1302 1073 Nepotem
1352 1006 1789 1053 revocemus,
1844 985 2187 1074 Denique,
2244 986 2301 1056 si
2350 1004 2469 1053 eos
2507 984 2595 1052 N.
2632 984 2719 1050 H.
2759 983 2950 1050 locos

491 1093 956 1179 inspicimus,
1059 1092 1134 1158 in
1182 1078 1474 1179 'quihus
1545 1092 1784 1179 Nepos
1878 1086 2249 1177 laudatur,
2350 1113 2514 1159 cum
2610 1098 2766 1159 octo
2862 1090 2947 1155 ad

483 1199 1105 1287 Geographica
1155 1198 1269 1283 (ΙΙ,
1329 1200 1492 1283 1693
1550 1198 1668 1282 ΙΙΙ,
1722 1201 1787 1283 4,
1852 1201 2023 1283 132;
2079 1200 2192 1273 IV,
2251 1201 2378 1284 773
2448 1198 2528 1283 V,
2581 1200 2657 1283 43
2712 1197 2826 1280 VI,
2882 1199 2945 1279 5,

359 1397 363 1404 .
447 1308 601 1388 Ι31,
659 1304 839 1392 199),
919 1311 1254 1391 quattuor
1323 1304 1405 1371 ad
1481 1305 1891 1393 Exempla
1960 1305 2106 1393 (IX,
2177 1306 2333 1387 1363
2388 1304 2707 1388 XXXIII,
2778 1303 2949 1394 145}

491 1410 804 1495 XXXVI,
857 1412 967 1494 48,
1023 1412 1138 1497 59)
1209 1412 1524 1477 revocari
1573 1413 1864 1498 possint,
1922 1418 2254 1499 quattuor
2301 1412 2373 1478 in
2432 1411 2664 1477 medio
2737 1408 2953 1495 relin-

483 1524 802 1605 quantur
872 1518 1018 1604 (IX,
1076 1519 1207 1602 613
1277 1498 1464 1602 ΧΠΙ,
1523 1518 1686 1600 1043
1758 1518 1936 1601 XVI,
1994 1520 2122 1601 353
2195 1518 2473 1601 XXXV,
2534 1517 2643 1603 16)
2716 1535 2949 1601 neque

487 1631 732 1691 tamen
781 1623 867 1691 ab
917 1622 1036 1691 illo
1086 1624 1182 1689 de
1229 1624 1451 1690 viris
1499 1624 2037 1691 illustribus
2085 1624 2265 1691 libro
2316 1623 2778 1700 manaverint,
2848 1624 2962 1689 vel

368 1755 371 1757 ·
493 1730 659 1816 inde
684 1729 832 1796 veri
867 1729 1311 1796 simillimum
1339 1728 1666 1796 est'hunc
1715 1730 1818 1796 de
1867 1732 2083 1796 viris
2132 1730 2645 1796 illustribus
2695 1729 2959 1796 librum
3054 1819 3061 1825 ⁶

483 1858 534 1903 a
582 1836 812 1903 Plinio
863 1837 936 1902 in
985 1835 1336 1903 artificum
1387 1836 1679 1928 historia
1727 1856 1872 1902 non
1920 1856 2071 1903 esse
2122 1836 2541 1903 adhibitum.

708 1979 844 2046 Sed
903 1999 992 2045 ne
1061 1980 1288 2046 Varro
1359 1979 1647 2067 quidem
1720 1980 1793 2045 in
1867 2001 1950 2045 ea
2020 1979 2151 2047 fuit
2225 1980 2613 2066 exquisitus
2684 1986 2953 2047 auctor.

486 2086 913 2155 Schreibero
972 2086 1259 2173 quidem
1306 2088 1825 2153 Varronianam
1898 2087 2065 2153 artis
2135 2086 2500 2153 historiam
2574 2086 2961 2153 adhibitam

487 2214 648 2260 esse
709 2195 1095 2281 suspicanti
1160 2194 1277 2280 (cf.
1333 2214 1566 2281 supra,
1623 2216 1690 2281 p.
1743 2194 1815 2280 4)
1866 2214 2031 2283 cum
2081 2199 2439 2281 queratur,
2512 2192 2701 2280 quod
2750 2192 2953 2259 lucu-

495 2300 853 2368 brationes
888 2320 1052 2366 suas
1087 2301 1521 2367 accuratiore
1556 2300 1791 2388 aliqua
1840 2300 2261 2367 refutatione
2296 2300 2657 2365 Brunnius
2705 2299 2952 2388 dignas

491 2425 640 2472 non
709 2406 1070 2482 habuerit.
1106 2405 1392 2493 (Rhein.
1447 2406 1628 2474 Mus,
1683 2406 1935 2485 XXXI,
1990 2408 2172 2492 219),
2253 2426 2523 2473 morem
2596 2426 2949 2495 geramus.
3082 2484 3085 2490 ⁸

495 2513 562 2578 Is
611 2513 843 2602 igitur,
922 2518 1298 2601 postquam
1359 2511 1434 2580 in
1505 2512 1979 2601 oppugnando
2054 2512 2403 2580 Urlichsio
2476 2512 2690 2600 idque
2763 2512 2953 2580 haud

488 2633 778 2707 semper
824 2640 1159 2707 prospero
1209 2641 1542 2687 successu
1571 2620 1747 2705 (QR.
1780 2623 1887 2692 21,
1922 2623 2039 2691 221
2090 2641 2194 2705 ea,
2250 2641 2430 2708 quae
2478 2620 2565 2686 de
2600 2619 2953 2686 artificum

485 2717 842 2802 aetatibus
889 2727 1315 2810 referuntur,
1393 2747 1432 2792 e
1478 2727 1815 2794 Varronis
1862 2727 1970 2793 vel
2002 2726 2313 2814 ⁴Nepotis
2361 2726 2760 2824 Annalibus
2808 2746 2951 2800 non

493 2853 700 2919 posse
749 2833 1165 2920 deprompta
1211 2854 1364 2900 esse
1399 2834 1750 2919 disseruit,
1810 2835 1909 2900 sic
1943 2835 2212 2922 pergit:
2273 2834 2523 2902 «Nunc
2571 2853 2735 2899 vero
2786 2852 2952 2899 cum

499 2937 850 3005 Urlichsio
899 2929 1395 3006 concludimus
1440 2937 1745 3007 eundem
1794 2941 2212 3025 Varronem,
2290 2941 2407 3006 cui
2455 2939 2751 3034 Pausiae
2811 2940 2961 3026 pic-

497 3045 668 3111 toris
711 3051 900 3112 aetas
925 3045 1267 3112 debeatur
1299 3049 1395 3132 (p.
1427 3047 1540 3132 25)
1579 3040 1955 3113 auctorem
2004 3045 2591 3114 fuisse‘omnium
2642 3051 2951 3112 aetatum

491 3149 689 3238 apud
736 3150 1047 3218 Plinium
1095 3151 1518 3218 relatarum»
1572 3155 1667 3238 (p.
1723 3154 1853 3235 12).
1952 3153 2169 3218 Eum·
2200 3159 2436 3220 autem
2485 3153 2723 3219 locum
2770 3151 2960 3219 evol·-

494 3258 826 3324 ventibus
873 3262 965 3345 (p.
1019 3261 1161 3344 25),
1233 3279 1373 3346 quo
1425 3279 1508 3325 ex
1557 3266 1783 3326 aetate
1832 3259 2127 3326 Pausiae
2176 3260 2465 3346 pictoris
2514 3259 2727 3325 etiam
2792 3259 2958 3324 reli-

497 3385 686 3452 quae
757 3371 1018 3432 aetates
1090 3366 1176 3432 ad
1246 3366 1650 3443 Varronem¹
1709 3373 2131 3434 revocantur
2158 3421 2172 3450 ,
2268 3357 2441 3432 h'aec
2522 3372 2951 3431 recurrunt:

501 3471 847 3537 «Varroni
897 3471 1141 3539 deberi
1191 3493 1371 3560 quae
1418 3473 1604 3539 XXI.
1658 3473 1821 3539 libri
1870 3475 1899 3560 g
1943 3475 1990 3536 4
2037 3474 2123 3540 de
2171 3473 2426 3540 Pausia
2472 3473 2738 3558 pictore
2796 3491 2960 3558 pro-

505 3577 872 3664 feruntur3
929 3600 1094 3645 cum
1143 3587 1379 3646 autem
1429 3580 1515 3646 de
1542 3579 1797 3646 Pausia
1846 3580 2093 3646 eadem
2140 3580 2215 3645 in
2240 3578 2519 3646 XXXV.
2558 3579 2719 3644 libri
2766 3578 2954 3664 §125

498 3704 660 3770 sqq.
715 3687 1027 3774 exposita
1076 3687 1218 3752 sint
1263 3687 1425 3770 (nisi
1476 3687 1665 3773 quod
1714 3687 2131 3775 olympiadis
2181 3687 2445 3753 mentio
2505 3685 2765 3753 omissa
2813 3686 2949 3769 sit),

498 3790 758 3857 coniici
806 3799 1035 3878 potest
1082 3793 1294 3883 etiam
1343 3793 1693 3880 pictorum
1744 3801 2005 3860 aetates
2075 3795 2386 3881 itemque
2456 3791 2957 3859 statuariorum

496 3918 545 3962 a
621 3895 938 3964 Varrone
1004 3899 1351 3986 profectas
1421 3920 1574 3965 esse
1603 3953 1618 3983 ,
1717 3899 1977 3986 quippe
2051 3920 2213 3966 cum
2288 3919 2533 3965 omnes
2606 3895 2956 3964 artificum

499 4009 766 4070 aetates
797 4003 984 4070 inter
1015 4025 1090 4071 se
1123 4011 1568 4091 comparatae
1603 4012 1813 4092 atque
1848 4005 2210 4094 colligatae
2260 4005 2464 4070 sint».
2518 4003 2623 4070 Sit
2668 4003 2955 4090 quidem

495 4129 542 4174 e
589 4109 902 4177 Varrone
949 4111 1262 4197 profecta
1309 4113 1338 4198 ἕ
1383 4113 1430 4176 4
1475 4112 1519 4178 l.
1572 4112 1811 4196 XXL,
1890 4121 2128 4178 tamen
2176 4111 2577 4177 Brunnium
2650 4129 2955 4197 sequens

497 4216 660 4300 (ΞΒ.
693 4217 846 4298 316)
873 4237 1017 4284 non
1043 4225 1212 4305 puto
1249 4239 1538 4305 prorsus
1563 4209 1820 4284 eadem
1857 4219 1942 4284 de
1991 4219 2245 4285 Pausia
2292 4219 2366 4283 in
2413 4217 2593 4284 libro
2640 4217 2952 4282 XXXV.

505 4323 804 4410 proferri
855 4330 1064 4411 atque
1098 4326 1171 4391 in
1205 4325 1384 4392 libro
1416 4321 1628 4391 XXI.
1684 4326 1917 4413 Atque
1967 4327 2141 4392 haec
2189 4324 2341 4411 ipsa
2388 4325 2463 4389 in
2512 4323 2729 4390 altero
2802 4321 2955 4390 loco

499 4431 768 4498 omissa
817 4431 1156 4519 olympias
1219 4453 1302 4498 ea
1371 4438 1496 4516 est,
1553 4451 1755 4518 *quae
1824 4431 2336 4525 dubitationem
2416 4435 2711 4512 moveat,
2791 4449 2957 4496 cum
