3550 5075
1642 343 1951 408 -7-

565 520 688 608 qui
735 520 1032 605 fuerInt,
1088 542 1263 587 num
1313 521 1399 588 de
1447 520 1604 589 aliis
1652 527 1760 587 est
1805 520 2259 609 cogitandum
2308 538 2390 586 ac
2437 519 2525 585 de
2574 519 2706 605 eiS,
2777 519 2899 607 qui
2956 526 3028 586 et

563 627 922 695 indicibus
955 628 1411 695 continentur
1443 633 1513 694 et
1561 626 1847 695 aliunde
1896 632 2263 694 merentur
2309 646 2575 693 nomen
2622 626 3024 692 artificum?

564 737 655 802 Hi
727 740 964 803 autem
1037 740 1294 800 suntne
1351 733 1657 802 Romani
1729 753 1821 800 an
1892 732 2203 800 Graeci‘?
2295 732 2449 800 Nisi
2518 732 2700 800 forte
2770 730 3015 817 Varr0,

563 842 822 930 Nepos,
903 840 1021 907 alii
1070 839 1422 907 artificum
1470 842 1546 907 in
1615 859 1917 907 numero
1975 846 2155 907 'sunt
2224 839 2594 927 prouendi.
2695 838 2891 919 Quae
2962 839 3022 905 si

561 947 1091 1037 perpendimus,
1149 946 1301 1013 fieri
1335 968 1480 1015 non
1513 953 1762 1036 potest,
1820 948 1995 1034 quin
2028 968 2193 1014 cum
2243 948 2382 1032 alii,
2438 953 2591 1014 tum
2642 934 3022 1034 praecipue

561 1055 1091 1138 Menaechmus,
1140 1054 2066 1143 AntigonUS,·XenocrateS,
2123 1053 2458 1121 Pasiteles
2506 1061 2575 1122 et
2622 1054 2807 1121 inter
2854 1054 3023 1120 arti·
3092 1108 3094 1110 .

561 1161 730 1229 fices
754 1160 1019 1228 laudati
1048 1160 1387 1249 (XXXIV,
1409 1163 1520 1245 80,
1559 1162 1668 1246 83,
1707 1162 1834 1247 843
1866 1160 2187 1245 XXXIII,
2224 1162 2381 1246 1563
2436 1160 2749 1245 XXXVI,
2772 1162 2879 1245 35,
2904 1158 3021 1246 39)

563 1277 632 1335 et
664 1270 738 1335 in
769 1268 1074 1337 fontium
1109 1273 1562 1335 externorum
1610 1286 1911 1336 numero
1959 1268 2171 1360 positi
2222 1267 2339 1355 (cf.
2371 1267 2641 1335 indices
2674 1267 3024 1335 librorum

559 1373 1288 1459 XXXIII—XXXVI3
1341 1373 1654 1459 XXXIV,
1695 1376 1805 1456 80,
1844 1376 1954 1460 83,
1993 1375 2127 1458 843
2181 1373 2461 1461 XXXV,
2516 1376 2647 1460 683
2701 1373 3015 1458 XXXVI,

560 1482 673 1568 39)
703 1480 1063 1547 mentibus
1089 1486 1486 1547 occurrant.
1519 1480 1750 1567 Ipsius
1775 1481 1991 1569 igitur
2014 1480 2226 1546 Plinii
2251 1480 2655 1548 testimonio
2684 1480 3027 1547 docemur

561 1588 868 1656 Graecos
917 1593 1240 1654 auctores
1287 1585 1484 1653 nullo
1533 1582 2017 1653 intercedente
2064 1585 2388 1653 Romano
2438 1606 2591 1651 esse
2640 1584 3015 1653 adhibitos,
3053 1670 3059 1677 ἡ

775 1748 983 1815 Haud
1030 1744 1284 1835 parum
1335 1748 1835 1814 corroboratur
1880 1748 2095 1813 huius
2144 1746 2543 1835 argumenti
2593 1746 2700 1811 vis
2733 1744 3024 1811 Graecis

557 1861 626 1922 et
696 1854 1056 1923 vocabulis
1124 1853 1744 1941 locutionibusque
1816 1860 1884 1921 et
1946 1853 2475 1942 epigrammatis
2532 1853 2607 1918 in
2664 1856 2811 1919 tota
2871 1851 3019 1918 fere

557 1962 870 2029 oratione
919 1959 1475 2027 recurrentibus,
1530 1960 1634 2027 Ac
1669 1960 1940 2026 Graeca
1988 1958 2279 2046 quidem
2326 1956 2671 2025 vocabula
2720 1956 3020 2024 locutio-

557 2088 828 2156 nesque
905 2068 963 2134 si
1043 2067 1598 2135 consideraveris
1677 2073 1746 2134 et
1825 2066 2193 2154 complura
2272 2084 2425 2131 esse
2519 2070 2587 2131 et
2680 2064 3016 2131 omnibus

555 2172 1292 2241 artificumbistoriae
1340 2175 1661 2261 partibus
1711 2174 2028 2261 reperiri,
2107 2173 2245 2239 nisi
2294 2171 2601 2239 Graecos
2648 2169 2878 2237 fontes
2926 2170 3016 2237 ab

556 2271 709 2368 ipso
758 2280 985 2348 Plinio
1035 2287 1401 2368 excerptos
1449 2281 1848 2366 admiseriS,
1901 2280 2251 2367 explicare
2298 2280 2412 2344 vix
2460 2277 2747 2365 poteris.
2801 2276 3009 2361 Nam,

561 2388 689 2454 etsi
738 2407 865 2474 per
911 2408 985 2454 se
1034 2386 1189 2453 fieri
1236 2388 1495 2475 potuit,
1559 2393 1639 2454 ut
1709 2382 1860 2453 nisi
1906 2386 2211 2454 Romani
2277 2384 2649 2453 cuiusdam
2708 2404 2923 2471 opera
2980 2403 3019 2449 e

558 2493 846 2562 Graecis
895 2494 1358 2581 scriptoribus
1406 2514 1550 2562 non
1599 2498 1993 2578 manarent,
2072 2511 2217 2560 non
2267 2498 2371 2560 est
2426 2492 2625 2581 prius
2697 2490 2785 2588 ad
2856 2510 3015 2558 eam

555 2600 1070 2673 transeundum
1119 2602 1566 2686 sententiam,
1622 2621 1839 2688 quam
1888 2606 2081 2668 certa
2126 2600 2437 2688 quadam
2478 2599 2751 2666 ratione
2798 2599 2896 2664 ita
2944 2617 3021 2664 se

555 2727 708 2774 rem
757 2707 1021 2774 habere
1069 2707 1617 2792 demonstretur.
1694 2706 1845 2774 Iam
1895 2728 2058 2775 vero
2106 2707 2489 2793 verborum
2538 2704 2825 2772 illorum
2874 2704 3016 2775 duo

554 2814 886 2881 videntur
952 2833 1212 2904 genera
1282 2835 1436 2883 esse
1515 2814 2015 2904 distinguenda
2046 2836 2059 2879 :
2146 2833 2373 2881 unum
2453 2831 2702 2881 eorum
2730 2866 2746 2897 ,
2833 2831 3015 2899 quae

557 2921 882 3007 quamvis
927 2940 1214 3008 perraro
1287 2927 1448 2986 ante
1519 2920 1833 2987 Plinium
1905 2921 2046 2987 sint
2116 2919 2451 3005 adhibita,
2528 2924 2769 2984 tamen
2838 2937 3021 2984 non-

555 3045 927 3114 nunquam
961 3027 1149 3113 apud
1182 3047 1302 3094 eos
1337 3027 1735 3113 scriptores,
1777 3027 1900 3114 qui
1934 3027 2131 3113 prius
2164 3025 2468 3109 fuerant,
2525 3025 3013 3111 reperiuntur·,

557 3133 858 3199 alterum
907 3153 1186 3217 eorum,
1258 3151 1475 3220 quae,
1541 3152 1706 3199 cum
1755 3133 2071 3220 primum
2119 3153 2161 3198 a
2207 3131 2436 3198 Plinio
2486 3132 2627 3198 sint
2673 3131 2749 3196 in
2804 3148 3017 3196 usum

555 3244 820 3323 vocata,
855 3257 1144 3325 prorsus
1171 3245 1333 3325 apta
1359 3259 1511 3305 esse
1537 3239 1887 3324 videntur,
1944 3259 2126 3327 quae
2172 3259 2423 3304 verum
2472 3258 2625 3305 esse
2673 3236 2767 3322 id,
2824 3235 3016 3324 quod

557 3345 1075 3430 contendimuS,
1133 3346 1527 3412 ostendant.
1597 3345 1780 3413 Sunt
1826 3352 2067 3414 autem
2116 3344 2282 3412 illa:
2338 3345 2412 3412 in
2458 3344 2640 3410 libro
2688 3343 3010 3410 XXXIII.

559 3450 984 3518 emblema
1018 3452 1236 3540 (156);
1270 3452 1342 3517 in
1369 3451 2047 3519 XXXIV.colossi
2070 3473 2107 3518 c
2130 3473 2231 3518 on
2259 3451 2424 3539 (54),
2467 3451 3017 3538 doryphorus

558 3558 693 3645 (55,
725 3556 865 3646 56),
922 3577 1199 3624 canon
1248 3557 1412 3645 (55),
1470 3557 2049 3625 citharoedus
2099 3557 2264 3646 (59),
2321 3557 2825 3644 symmetria
2871 3556 3009 3644 (58,

556 3663 692 3751 65),
746 3665 1318 3751 canephoros
1346 3664 1510 3754 (70),
1566 3665 2094 3752 pancration
2146 3663 2311 3753 (79),
2369 3665 2813 3751 epistates
2841 3662 3009 3750 (82),

555 3770 1036 3862 comoedus
1072 3771 1254 3859 (87),
1331 3773 1405 3838 in
1453 3772 1732 3838 XXXV.
1788 3772 2151 3861 graphis
2201 3770 2366 3859 (68),
2431 3770 2792 3858 thyrsus
2842 3768 3010 3857 (74),

555 3877 751 3942 ethe
823 3877 1003 3964 (98),
1082 3877 1507 3965 propylon
1581 3877 1800 3967 (101),
1878 3898 2259 3966 parerga
2337 3877 2562 3966 (101),
2642 3876 3019 3963 opsonia

557 3983 768 4071 (112),
803 3985 1344 4073 apographon
1373 3984 1581 4073 (125),
1622 3992 1873 4072 typus
1901 3985 2110 4074 (128),
2152 3981 3008 4072 necyomantea(132),

553 4090 868 4157 aconiti
904 4090 1114 4177 (139),
1170 4090 1529 4178 psaltria
1569 4089 1783 4180 (141).
1818 4131 1898 4141 --
1930 4091 2121 4158 Haec
2170 4099 2409 4159 autem
2458 4097 2668 4158 sunt:
2724 4091 2798 4156 in
2831 4088 3015 4155 libro

551 4195 868 4263 XXXIV.
923 4197 1366 4265 cliduchus
1431 4198 1610 4286 (54),
1689 4197 2255 4266 diadumenus
2320 4197 2502 4285 (55),
2580 4193 3018 4284 astragali·
3072 4178 3089 4192 ’

554 4305 836 4370 zontes
900 4303 1042 4392 (55)
1073 4357 1089 4387 ,
1167 4306 1754 4392 periphoretos
1828 4305 1969 4394 (56)
1999 4359 2015 4392 ,
2094 4303 2581 4373 discobolos
2653 4303 2798 4392 (57,
2866 4300 3007 4388 80),

552 4408 1044 4494 pentathlus
1095 4409 1230 4497 (57,
1275 4410 1408 4498 72),
1464 4400 1730 4499 prista
1778 4411 1944 4498 (57),
2000 4411 2577 4499 pancratiasta
2626 4409 2791 4498 (57),
2848 4414 3014 4474 sta-
