3550 5075
1563 374 1646 383 -..
1700 338 1783 400 15

505 495 841 598 f'ontibUS,
929 520 1118 581 certo
1169 513 1456 597 scimuS,
1536 533 2015 600 quorumnam
2088 506 2475 591 auctorum‘
2531 510 2825 577 nomina
2894 510 2971 575 in

503 619 825 687 XXXIII.
865 620 1028 687 libri
1063 627 1376 687 extremo
1415 620 1645 686 indice
1697 620 2037 707 praebere
2086 618 2411 702 debeant,
2462 616 2623 699 dico
2672 616 2968 683 nomina

503 746 752 794 eorum
793 729 1240 816 scriptorum,
1297 727 1558 815 quibus
1593 748 1677 793 ex
1712 727 1945 794 indice
1978 727 2141 793 libri
2173 724 2487 792 XXXIV.
2540 722 2969 793 vindicanda

504 838 670 898 sunt
717 853 822 917 ea,
877 854 1059 920 quae
1108 833 1194 899 de
1265 834 1621 901 statuariis
1671 839 2207 899 ·me1norantur.
2312 831 2395 898 In
2466 831 2728 919 quibus
2801 850 2969 897 cum

501 946 971 1006 numerentur
1041 940 1506 1024 Xenocrates,
1585 940 1832 1024 DuriS,
1921 939 2389 1019 HeliodorUS,
2468 939 2737 1025 optimo
2808 938 2965 1003 iure

501 1064 752 1111 eorum
802 1048 1092 1113 nomina
1140 1048 1213 1112 in
1261 1047 1424 1114 libri
1472 1047 1794 1114 XXXIII.
1849 1046 2081 1112 indice
2130 1065 2395 1132 ponere
2444 1050 2655 1133 atque
2714 1046 2789 1111 in
2852 1064 2959 1128 ea,

505 1172 720 1238 quam
753 1152 887 1219 hoc
921 1154 1072 1240 ipso
1106 1152 1340 1219 indice
1372 1174 1611 1220 veram
1663 1173 1817 1220 esse
1868 1153 2352 1222 demonstrare
2402 1152 2635 1218 conati
2684 1171 2959 1235 sumuS,

499 1261 850 1327 sententia
897 1281 1348 1347 perseverare
1396 1281 1809 1347 possumus.

716 1384 1040 1451 Vidimus
1089 1362 1298 1453 modo
1349 1384 1634 1451 eosdem
1683 1384 1902 1450 fui-sse
1950 1382 2179 1450 fontes
2226 1382 2574 1448 librorum
2632 1380 2957 1451 XXXIII.

405 1534 410 1537 -
499 1497 571 1556 et
616 1490 930 1557 XXXIV.
986 1492 1060 1558 in
1106 1490 1590 1558 describendis
1640 1490 1996 1571 statuariis
2046 1510 2126 1555 ac
2176 1488 2671 1555 caelatoribus
2764 1488 2962 1556 Nihil

502 1596 716 1684 igitur
763 1597 1012 1681 obstat,
1079 1617 1217 1684 quo
1267 1598 1506 1662 minus
1541 1596 2015 1663 Menandrum
2064 1596 2139 1662 in
2186 1595 2569 1661 tractandis
2604 1595 2962 1662 statuariis

500 1702 899 1769 adhibitum
980 1724 1131 1769 esse
1203 1708 1560 1789 putemus.
1662 1702 1868 1782 Quod
1946 1722 2111 1768 cum
2190 1702 2496 1789 cogitare
2573 1702 2955 1789 110331111113,

501 1816 775 1899 certum
824 1816 1062 1876 autem
1112 1811 1200 1876 sit
1248 1810 1322 1877 in
1354 1810 1668 1876 XXXIV.
1710 1810 1891 1877 libro
1942 1809 2119 1875 nihil
2154 1829 2194 1875 a
2226 1808 2639 1894 Menandro,
2696 1810 2963 1896 quippe

496 1917 620 2003 qui
669 1916 754 1981 de
802 1918 1097 1985 toreutis
1147 1918 1683 2003 (caelatoribUS,
1739 1917 1828 1983 cs.
1884 1938 1951 2003 p.
2010 1917 2121 2003 13)
2180 1916 2400 2005 egerit
2466 1916 2587 2002 (cf.
2642 1916 2955 1983 indicem

499 2022 661 2090 libri
709 2023 1089 2111 XXXIII),
1168 2046 1320 2091 esse
1393 2032 1759 2111 sumptum
1793 2079 1808 2108 ,
1889 2024 2209 2111 sequitur
2280 2022 2753 2091 Menandrum
2824 2012 2967 2095 nisi⁸

496 2130 635 2197 alio
685 2131 1164 2198 intercedente
1213 2154 1358 2199 non
1407 2134 1480 2198 in
1531 2154 1742 2199 usum
1794 2152 1945 2197 esse
1993 2137 2347 2198 vocatum.
2447 2130 2821 2200 Praeterea
2888 2135 2962 2211 in

499 2236 779 2305 XXXV.
835 2239 1014 2306 libro
1063 2240 1239 2306 illud
1287 2239 1466 2307 forte
1540 2241 1804 2306 mirum
1874 2238 2237 2322 videatur,
2316 2238 2507 2325 quod
2579 2240 2653 2305 in
2723 2240 2961 2308 indice

497 2346 740 2411 omissi
775 2345 1172 2433 Antigonus
1205 2347 1780 2433 Xenocratesque
1808 2346 1881 2411 in
1906 2346 1935 2433 ς
1962 2346 2048 2409 68
2074 2346 2286 2411 11111113
2318 2344 2497 2413 -libri
2547 2345 2951 2415 laudantur.

498 2450 926 2518 Dicemusne
976 2458 1097 2518 aut
1143 2452 1456 2520 Plinium
1506 2454 1581 2519 in
1629 2451 2026 2517 indicandis
2089 2451 2405 2519 fontibus
2453 2452 2672 2520 fuisse
2722 2456 2963 2544 negle-

494 2566 776 2646 gentem
811 2567 933 2628 aut
967 2563 1393 2649 scriptorum
1429 2562 1714 2629 illorum
1749 2559 2043 2626 nomina
2090 2560 2165 2625 in
2214 2560 2446 2628 indice
2496 2560 2957 2630 librariorum

492 2667 700 2753 culpa
747 2669 1086 2736 excidisse
1111 2671 1146 2734 ἵ)
1195 2669 1491 2735 Minime
1526 2689 1692 2734 vero
1743 2687 1909 2733 cum
1959 2673 2203 2733 contra
2250 2674 2489 2753 aperte
2538 2667 2965 2754 profiteatur

492 2772 609 2838 ille
658 2774 834 2840 nihil
885 2795 958 2841 se
1007 2777 1369 2864 antiquius
1418 2776 1781 2856 habuisse,
1862 2794 2077 2861 quam
2126 2780 2205 2840 ut
2256 2795 2525 2860 omnes,
2610 2795 2787 2862 quos
2836 2776 2962 2843 ad-

490 2877 856 2964 hibuisset,
913 2888 1236 2948 auctores
1284 2882 1713 2968 patefaceret
1764 2880 1888 2966 (cf.
1939 2880 2026 2948 N.
2077 2881 2165 2946 H.
2220 2862 2754 2969 praefationem,
2809 2885 2950 2970 21),

485 2985 812 3052 codicum
847 2995 1085 3054 autem
1128 2988 1655 3076 depravationis
1713 2987 1789 3052 in
1840 3007 1921 3053 00
1970 2986 2173 3071 libro,
2230 2987 2315 3053 de
2365 3007 2504 3075 quo
2558 2989 2814 3077 agitur,
2870 3009 2964 3056 ne
3060 3035 3069 3038 -

493 3093 791 3158 minima
823 3095 1111 3180 quidem
1147 3096 1452 3182 suspicio
1483 3096 1771 3162 oriatur.
1824 3093 2121 3161 Prorsus
2154 3102 2523 3162 evanescet
2549 3094 2955 3180 difficultaS,

495 3199 554 3265 si
586 3197 922 3288 Antigoni
955 3202 1513 3289 Xenocratisque
1551 3203 1818 3269 iudicia
1866 3202 1951 3268 de
1985 3202 2359 3268 Parrhasio
2407 3202 2681 3288 prolata
2731 3203 2961 3270 Plinio

496 3325 625 3390 per
671 3305 889 3371 alium
940 3308 1217 3394 cognita
1265 3320 1416 3373 esse
1466 3309 1988 3394 putaverimus.

713 3429 1072 3496 Hactenus
1110 3431 1462 3498 indicibus
1500 3433 1604 3498 vel
1641 3433 1807 3499 solis
1846 3434 1955 3499 vel
2003 3441 2168 3499 cum
2218 3433 2319 3499 eis
2368 3433 2589 3517 libris,
2646 3429 2736 3499 ad
2784 3454 2965 3520 quos

503 3537 876 3621 pertinent,
913 3537 1182 3604 collatis
1217 3539 1714 3606 constituimus
1752 3541 2064 3607 Plinium
2101 3540 2535 3607 Graecorum
2588 3547 2963 3607 auctorum

505 3644 1051 3710 commentarios
1084 3665 1226 3712 non
1262 3646 1497 3731 ipsum
1549 3647 1621 3712 in
1671 3647 2003 3714 manibus
2050 3637 2406 3732 habuisse,
2464 3647 2587 3714 sed
2636 3646 2711 3712 in
2748 3649 2965 3714 unius

502 3749 872 3816 cuiusdam
924 3752 1284 3838 scriptoris
1333 3773 1543 3839 opere
1594 3754 1925 3821 collectos
1972 3755 2349 3821 invenisse.
2404 3754 2601 3820 Idem
2654 3775 2736 3820 ex
2784 3775 2966 3822 non-

501 3853 956 3940 1111111310013,
1030 3877 1206 3944 (11103
1256 3858 1537 3925 exhibet
1585 3859 1909 3927 Pliniana
1980 3860 2333 3927 artificum
2404 3861 2721 3946 historia,
2808 3863 2963 3928 erui

502 3967 750 4047 potest.
849 3961 952 4028 Ac
1029 3962 1500 4031 Xenocratem
1580 3966 2159 4056 Antigonumque
2237 3974 2614 4055 postquam
2704 3989 2967 4058 cogno-

499 4067 731 4133 vimus
780 4067 866 4133 de
922 4071 1263 4137 toreutice
1334 4074 1465 4157 vel,
1546 4074 1736 4161 quod
1810 4075 1897 4141 ab
1970 4095 2053 4141 00
2124 4095 2269 4142 non
2340 4075 2594 4162 differt,
2674 4077 2761 4143 de
2832 4097 2962 4142 sua

499 4179 648 4240 arte
720 4175 1105 4262 scripsisse,
1185 4198 1366 4264 quae
1423 4181 1557 4247 hoc
1616 4181 1770 4248 loco
1842 4188 1947 4248 est
2025 4203 2138 4248 ars
2207 4183 2565 4268 statuaria,
2652 4204 2742 4250 en
2812 4184 2965 4270 pic-

498 4287 699 4346 turae
779 4301 1060 4369 quoque
1142 4305 1428 4372 operam
1517 4288 1793 4355 dedisse
1883 4291 2360 4378 comperimus
2439 4291 2771 4378 (XXXV,
2816 4291 2955 4377 68).

501 4386 687 4466 Quid
736 4408 900 4476 ergo
951 4391 1112 4457 est‘?
1204 4391 1419 4477 Num,
1497 4393 1619 4480 qui
1671 4393 1887 4461 libros
1936 4417 2101 4462 suos
2171 4403 2408 4463 essent
2478 4398 2756 4482 lecturi,
2839 4417 2959 4464 eos
