3550 5075
1538 357 1932 431 ‚-11--

529 536 669 603 quo
704 515 1006 603 quisque
1053 515 1414 581 floruerit:
1469 521 1547 581 ut
1581 516 2065 603 Euphranoris
2100 515 2404 599 (XXXV,
2448 517 2626 600 129),
2669 515 2996 582 Aetionis

530 629 599 691 et
645 616 1096 689 Therimachi
1145 621 1446 707 (XXXV,
1505 624 1640 706 78).
1719 621 2172 711 Quamquam
2220 644 2364 689 non
2414 628 2676 690 aetates
2724 622 2981 706 solum,

527 750 775 796 verum
848 728 1060 794 etiam
1131 728 1404 815 reliqua
1473 734 1543 794 et
1613 730 2116 796 statuariorum
2188 729 2527 814 (XXXIV,
2583 715 2871 811 53--93)
2920 734 2991 795 et

529 834 881 922 pictorum
915 832 1222 920 (XXXV,
1264 835 1602 921 60—148).
1639 840 1707 901 et
1755 835 2185 902 caelatorum
2220 835 2565 919 (XXXIII,
2609 836 2991 917 154—157)

531 941 907 1029 descriptio
960 941 1340 1007 maximam
1398 947 1671 1028 partem
1745 941 1833 1007 ab
1906 942 2155 1008 eodem
2228 942 2420 1009 fonte
2492 948 2985 1009 manaverunt.

533 1046 762 1127 Quam
806 1054 995 1115 recte
1039 1046 1244 1113 docet
1291 1046 1753 1115 Schreiberus
1789 1068 1953 1115 cum
1997 1048 2344 1116 aetatibus
2393 1047 2530 1115 illis
2579 1048 2979 1127 cohaerere,

532 1155 793 1242 quippe
841 1155 918 1220 in
965 1174 1105 1242 qua
1154 1159 1222 1220 et
1269 1154 1520 1220 eodem
1571 1154 1818 1222 ordine
1883 1161 2093 1243 atque
2157 1156 2231 1221 in
2294 1154 2528 1221 indice
2577 1153 2983 1241 PolyclituS,

532 1259 774 1347 Myron
808 1315 824 1346 ,
896 1260 1322 1349 Pythagoras
1387 1281 1552 1327 cum
1616 1268 2008 1328 tractentur
2078 1261 2430 1345 (XXXIV,
2487 1264 2595 1347 55,
2661 1264 2746 1327 57
2765 1316 2780 1347 ,
2845 1244 2976 1347 59),

530 1375 683 1434 tum
753 1368 784 1454 ἓ
855 1369 942 1431 68
1009 1368 1489 1452 nominentur,
1569 1374 1637 1433 et
1684 1388 1917 1455 neque
1966 1369 2040 1434 in
2089 1367 2559 1454 descriptione
2608 1389 2840 1456 neque
2911 1369 2985 1434 in

523 1473 776 1540 indice·
808 1481 1409 1541 commemoretur
1453 1474 1781 1541 Phidiam
1832 1474 2229 1565 Hageladae
2286 1475 2717 1561 discipulum
2750 1474 2987 1549 ,fuisse

524 1580 715 1647 haud
766 1602 970 1649 secus
1018 1587 1228 1668 atque
1292 1580 1470 1665 illos,
1552 1587 1620 1647 et
1689 1581 1776 1673 de
1848 1582 2171 1648 omnium
2244 1582 2590 1649 aetatibus
2662 1580 2993 1649 similiter

524 1688 612 1754 sit
681 1694 995 1755 erratum
1067 1688 1180 1771 (cf.
1235 1686 1279 1754 l.
1335 1688 1380 1753 l.
1436 1710 1504 1774 p.
1577 1689 1712 1775 17).
1836 1688 2085 1776 Neque
2155 1697 2396 1756 tamen
2468 1694 2615 1773 est,
2697 1708 2827 1754 cur
2896 1688 2984 1754 ad

523 1796 1037 1862 minutissimas
1109 1794 1264 1861 illas
1336 1815 1448 1861 res
1521 1794 2051 1883 confugiamuS,
2131 1815 2295 1861 cum
2369 1795 2456 1861 ab
2531 1795 2683 1881 ipso
2755 1794 2988 1863 Plinio

523 1901 896 1969 audiamus
945 1922 984 1968 a
1034 1901 1321 1968 Graecis
1370 1903 1778 1970 auctoribus
1828 1923 1971 1969 non
2021 1901 2253 1969 solum
2302 1902 2546 1970 allatas
2596 1922 2749 1969 esse
2814 1901 2989 1967 arti-

519 2007 736 2075 ficum
785 2016 1076 2093 aetateS,
1161 2029 1403 2075 verum
1475 2009 1688 2076 etiam
1755 2008 2059 2099 artifices
2132 2010 2325 2096 ipsos
2396 2028 2550 2076 esse
2620 2014 2975 2075 tractatos,

521 2114 872 2182 Dicuntur
919 2117 1110 2181 enim
1178 2115 1584 2183 celebrati
1644 2136 1797 2183 esse
1877 2116 2195 2184 statuarii
2276 2112 2581 2203 pictores
2659 2120 2981 2181 toreutae

519 2222 820 2305 (XXXV,
861 2224 994 2305 54).
1049 2222 1320 2289 Plinius
1353 2229 1613 2307 autem,
1669 2222 1841 2310 quid
1874 2224 2007 2289 hac
2042 2211 2526 2289 celebrandi
2578 2242 2745 2289 voce
2772 2221 2985 2287 intel-

522 2328 642 2417 ligi
665 2329 852 2413 velit,
907 2330 1058 2416 ipse
1100 2329 1425 2416 perhibet
1472 2329 1626 2396 loco
1653 2328 1991 2413 (XXXIV,
2026 2330 2157 2413 68),
2214 2331 2429 2415 supra
2477 2328 2684 2395 allato
2734 2334 2827 2415 (p.
2881 2330 2970 2412 6),

523 2435 646 2502 ubi
695 2434 1171 2522 Telephanem
1214 2435 1618 2503 Phocaeum
1670 2437 1763 2502 ita
1813 2436 2249 2504 celebratum
2298 2456 2451 2502 esse
2498 2435 2844 2520 videmus,
2902 2443 2986 2503 ut

522 2563 958 2630 quamquam
993 2544 1273 2632 ignotus
1307 2551 1457 2611 erat
1489 2544 1681 2629 alias,
1724 2545 2063 2632 quoniam
2099 2545 2171 2610 in
2208 2543 2568 2611 Thessalia
2616 2543 2986 2612 habitabat

522 2655 591 2717 et
638 2649 736 2716 ibi
785 2670 999 2736 opera
1047 2650 1199 2717 eius
1247 2651 1626 2734 latuerunt,
1684 2651 1772 2717 ab
1822 2650 2214 2718 artificibus
2248 2649 2607 2737 Polyclito,
2669 2649 2966 2737 Myroni,

517 2754 951 2844 Pythagorae
985 2763 1429 2844 aequaretur,
1487 2762 1556 2823 et
1588 2778 1672 2824 ex
1719 2758 2055 2844 operibus
2103 2758 2259 2824 eius
2312 2759 2441 2823 tria
2488 2756 2974 2842 laudarentur,

515 2861 788 2946 Larisa,
829 2862 1263 2947 Pentathlus,
1307 2862 1580 2951 Apollo.
1636 2864 1800 2931 Tria
1833 2865 2047 2952 igitur
2071 2864 2248 2935 huic
2300 2863 2638 2930 vocabulo
2686 2862 2987 2930 subesse

514 2968 888 3035 videntur:
943 2970 1292 3057 quaedam
1328 2971 1416 3038 ad
1450 2969 1803 3038 artificum
1836 2971 2052 3036 vitam
2099 2970 2519 3057 pertinentia
2570 2975 2973 3054 narrantur,

519 3073 986 3142 conferuntur
1054 3077 1238 3145 inter
1323 3097 1397 3143 se
1493 3075 1835 3160 artificeS,
1939 3096 2186 3143 eorum
2276 3095 2489 3163 opera
2573 3074 2983 3159 laudantur,

475 3181 591 3248 ·id
662 3181 851 3268 quod
923 3183 996 3248 in
1067 3183 1177 3249 his
1249 3183 1336 3250 N.
1419 3184 1506 3249 H.
1583 3183 1903 3270 partibus
1975 3182 2127 3250 fieri
2208 3189 2503 3249 constat.
2604 3181 2802 3247 Idem
2872 3181 2981 3248 vel

519 3287 684 3354 inde
731 3294 941 3375 patet,
1021 3289 1210 3375 quod
1261 3290 1341 3355 in
1411 3289 1901 3374 caelatoribUS,
1982 3290 2245 3377 quippe
2316 3289 2436 3376 qui
2511 3288 2701 3355 haud
2774 3307 2983 3354 secus

519 3399 728 3481 atque
762 3396 1078 3462 statuarii
1106 3396 1514 3463 celebrati
1541 3417 1693 3462 esse
1720 3396 2015 3483 putandi
2044 3397 2184 3462 sint
2216 3395 2517 3481 (XXXV,
2562 3397 2693 3480 54),
2750 3394 2971 3479 nulla,

520 3522 701 3588 quae
736 3500 1131 3588 olympiade
1167 3503 1594 3590 designetur,
1651 3509 1843 3569 aetas
1893 3509 2351 3570 memoratur.
2424 3503 2525 3568 lta
2574 3487 2987 3589 probavisse

515 3608 954 3694 propositum
991 3608 1166 3675 mihi
1191 3608 1462 3675 videor:
1497 3607 1839 3675 Graecis
1872 3609 2369 3676 auctoribus
2396 3609 2683 3676 deberi
2716 3608 2985 3696 plera-

521 3733 676 3800 que
702 3734 985 3780 earum
1018 3734 1435 3801 rerum,qu
1455 3735 1544 3780 ae
1572 3713 2007 3781 artificum
2036 3714 2387 3782 historia
2412 3716 2975 3783 continentur.

520 3819 668 3886 Iam
717 3819 818 3886 illi
847 3820 1095 3887 Graeci
1123 3822 1416 3908 quinam
1443 3821 1748 3904 fuerint,
1773 3828 1915 3887 tam
1946 3821 2318 3888 manifesto
2352 3822 2713 3888 declarant
2775 3828 2843 3888 et
2874 3822 2985 3888 in-

518 3925 710 3994 dices
742 3926 1111 4013 librorum,
1147 3928 1235 3994 de
1268 3929 1529 4015 quibus
1567 3930 1863 4016 agimUS,
1920 3934 1990 3995 et
2022 3927 2411 3996 eorunde’m
2446 3929 2791 3997 librorum
2840 3927 2979 3994 loci

519 4033 844 4119 quidam,
920 4034 1043 4100 ubi
1092 4054 1609 4121 nonnunquam
1659 4034 2042 4101 laudantur
2112 4025 2452 4121 (XXXIV,
2506 4038 2616 4121 80,
2670 4039 2779 4122 83,
2833 4037 2966 4120 843

516 4138 794 4224 XXXV,
850 4141 958 4225 68,
1017 4141 1122 4222 79,
1181 4142 1355 4223 129;
1409 4141 1722 4226 XXXVI,
1777 4143 1923 4224 39),
1995 4148 2073 4208 ut
2122 4142 2271 4208 sola
2318 4143 2610 4209 nomina
2657 4144 2979 4229 proferre

518 4245 844 4313 sufficiat.
899 4246 1078 4314 Sunt
1104 4248 1318 4336 igitur
1343 4248 1701 4334 PasiteleS,
1729 4247 2149 4336 AntigonuS,
2186 4249 2713 4333 Menaechmus,
2738 4249 2982 4316 Xeno-

517 4357 765 4439 crateS,
831 4351 1062 4438 Duris,
1130 4354 1538 4440 Menander,
1606 4354 2064 4439 Heliodorus,
2136 4355 2451 4442 Apelles,
2520 4353 2971 4440 MelanthiuS,

521 4457 1091 4545 AsclepiodoruS,
1149 4459 1593 4546 Euphranor,
1652 4460 2094 4528 Parrhasius
