3550 5075
1563 346 1955 471 '’u-25—

543 582 701 627 6556
728 562 1078 647 videntur,
1134 563 1311 650 quin
1345 565 1620 653 reliqua
1653 567 1937 635 Pasiteli
1972 558 2441 656 vindicentur,
2498 571 2678 669 nibil-
2725 572 3011 640 obstare
3108 588 3112 593 ⁴

541 670 913 735 existima).
943 668 1394 757 Quamquam
1431 693 1698 759 operae
1723 677 2032 769 pretium
2068 696 2221 743 esse
2270 676 2454 745 duco
2503 678 2590 745 de
2639 680 2763 762 eiS,
2792 690 3009 766 quae

543 795 582 841 a
650 775 951 843 Pasitele
1023 777 1338 864 profecta
1409 800 1561 847 esse
1633 802 1845 848 nemo
1919 804 2237 871 unquam
2310 785 2696 869 iudicavit,
2776 806 3014 884 pauca

542 881 910 950 disserere.

690 1092 696 1099 .
773 1044 1147 1112 Librorum
1199 1038 1518 1114 ordinem
1573 1050 1646 1114 in
1711 1070 1794 1115 ea
1850 1050 2385 1117 enumeratione
2444 1052 2647 1138 sequi
2710 1071 3015 1139 consen-

540 1156 830 1218 taneum
880 1152 1179 1219 videtur.
1235 1150 1316 1219 In
1365 1155 1729 1221 XXXIII.
1761 1156 1943 1224 libro
1978 1156 2369 1223 Urlichsius
2404 1157 2580 1238 (QR.
2612 1156 2683 1240 9)
2737 1158 3003 1239 omnia,

540 1278 720 1345 quae
792 1258 879 1324 de
929 1257 1245 1326 Mentore
1319 1260 1694 1329 traduntur
1766 1262 1837 1349 (g
1889 1263 2061 1347 154),
2139 1262 2227 1330 a'd
2298 1262 2691 1331 Varronem
2761 1264 3003 1348 refert,

540 1384 701 1445 cum
730 1366 897 1451 quia
921 1365 1036 1431 hic
1065 1364 1309 1433 scribit
1337 1388 1639 1433 aeneum
1669 1370 1803 1435 sibi
1838 1390 1991 1436 esse
2024 1370 2239 1437 huius
2289 1371 2657 1438 caelatoris
2692 1371 3004 1459 signum,

539 1477 692 1537 tum
742 1472 909 1558 quia
958 1472 1030 1538 in
1079 1471 1233 1541 VII.
1289 1474 1376 1541 N.
1433 1474 1520 1541 H.
1575 1475 1739 1541 libri
1802 1476 1833 1563 g*
1884 1477 2011 1540 127
2062 1475 2332 1569 ‘eadem
2404 1477 2491 1543 de
2562 1479 3014 1544 toreutarum

534 1577 854 1664 principe
903 1587 1459 1647 commemorata
1507 1601 1544 1647 e
1593 1580 1909 1650 Varrone
1974 1583 2371 1649 manavisse
2429 1581 2746 1669 putanda
2806 1585 2996 1650 sunt.

535 1683 671 1749 Sed
720 1686 934 1751 verba
1005 1688 1212 1753 Varro
1283 1712 1347 1753 se
1418 1695 1478 1754 et
1543 1712 1805 1755 aeratam
1874 1692 2137 1777 simmam
2190 1692 2348 1757 ‘eius
2418 1692 2717 1756 habuisse
2786 1693 3015 1758 scribit

533 1790 850 1859 confecto
931 1794 1072 1859 iam
1139 1784 1332 1861 'libro
1411 1794 1647 1863 addita
1741 1816 1894 1863 6556
1986 1796 2369 1881 videntur,
2472 1796 2736 1883 quippe
2826 1816 3013 1883 quae

531 1898 1027 1986 descriptionis
1078 1903 1624 1988 perpetuitatem
1685 1903 2059 1970 manifesto
2132 1903 2575 1989 perturbent.
2677 1902 2874 1982 Quae
2926 1904 3005 1969 'si

534 2006 1000 2091 omittuntur,
1080 2007 1658 2077 laudatissimum
1741 2010 2179 2076 caelatorem·
2244 2009 2810 2076 luculentissime
2890 2030 3007 2077 ex-

532 2111 803 2199 cipiunt
851 2115 1157 2201 proximi
1208 2117 1294 2182 ι11)
1347 2136 1427 2183 60
1477 2117 1552 2183 in
1602 2118 2096 2201 admiratione
2176 2118 2305 2183 hos
2379 2118 2568 2234 ipsos
2617 2116 2739 2204 qui
2787 2115 2863 2181 in
2922 2137 3006 2182 ea

532 2225 679 2285 arte
706 2220 946 2287 minus
972 2221 1286 2289 celebres
1311 2222 1624 2289 fuerunt
1707 2223 1891 2289 Illud
1918 2243 2082 2290 vero
2118 2243 2394 2311 gravioi
2398 2244 2455 2288 15
2490 2228 2595 2288 est
2621 2223 2989 2301 momenti

531 2326 721 2411 quod
769 2347 913 2394 non
962 2348 1090 2396 suo
1141 2334 1507 2415 ponuntur
1553 2330 1731 2419 1000.
1831 2330 1934 2404 De
1998 2350 2218 2397 aeneo
2291 2329 2483 2395 enim
2557 2328 2757 2417 signo
2829 2350 2995 2395 cum

529 2439 796 2520 agatur,
875 2434 1148 2503 Plinius
1221 2443 1460 2504 autem
1531 2437 1807 2505 diversa
1878 2436 2233 2504 artificum
2305 2445 2520 2523 opera
2568 2435 2863 2501 diversis
2920 2436 2997 2500 in

527 2537 727 2607 libris
774 2548 1024 2610 tractet
1086 2544 1460 2628 (XXXIV,
1519 2547 1604 2610 69
1654 2552 1722 2612 et
1767 2545 2118 2630 XXXVI,
2173 2546 2303 2628 203
2382 2541 2734 2626 XXXIV,
2794 2543 2883 2606 77>
2925 2549 3000 2608 et

525 2647 836 2731 XXXV,
896 2651 1069 2734 1283
1131 2651 1481 2736 XXXIV,
1541 2651 1626 2716 75
1675 2658 1744 2718 et
1792 2652 2081 2716 XXXV
2128 2651 2258 2733 583
2323 2655 2485 2732 etc.‚
2542 2653 2707 2731 etc.)
2768 2649 2998 2736 idque

527 2743 943 2838 praesertim
993 2756 1067 2821 in
1116 2757 1584 2823 caelatoribus
1631 2757 1999 2842 XXXIII
2060 2759 2187 2821 156
2236 2763 2305 2824 et
2349 2755 2659 2838 XXXV,
2713 2756 2822 2839 84,
2879 2757 2993 2839 85,

527 2859 634 2943 90,
690 2860 826 2946 91),
905 2862 980 2927 in
1026 2863 1378 2929 XXXIV
1437 2863 1617 2932 libro
1689 2865 1827 2933 hoc
1900 2863 2238 2931 Mentoris
2310 2864 2593 2951 signum
2664 2862 2798 2928 fuit
2876 2861 3000 2927 (16-

525 2965 968 3033 scribendus.
1067 2966 1414 3056 Denique,
1501 2970 1691 3057 quod
1740 2989 2028 3036 omnem
2087 2969 2603 3036 dubitationem
2675 2967 2877 3052 tollit,
2958 2990 2998 3035 a

520 3071 818 3138 Graecis
867 3076 1278 3142 auctoribus
1328 3077 1557 3144 fluxei
1561 3084 1690 3144 unt
1737 3098 1841 3163 ea,
1896 3098 2103 3164 quae
2175 3077 2262 3143 de
2318 3073 2794 3142 caelatoribus
2862 3081 3004 3142 tra-

523 3175 796 3244 duntur
849 3181 1188 3266 (XXXV,
1243 3184 1377 3266 54).
1434 3184 1742 3251 Omnino
1796 3191 2034 3250 iutem
2085 3182 2237 3250 fieri
2288 3204 2431 3250 non
2481 3182 2759 3268 potuit,
2786 3187 2866 3248 ut
2898 3181 3001 3248 illi

535 3281 622 3350 de
671 3285 1060 3355 artificibus
1109 3290 1261 3356 eius
1310 3293 1588 3380 generis
1654 3292 1963 3379 egissent
2031 3311 2263 3378 neque
2336 3291 2511 3371 ei1'1S,
2590 3289 2714 3375 qui
2792 3289 3003 3376 longe

532 3391 860 3458 omnium
909 3393 1041 3460 fuit
1087 3397 1418 3484 princeps
1467 3399 1541 3464 in
1593 3399 1969 3476 caelatura,
2035 3398 2473 3464 mentionem
2522 3395 2743 3462 ullam
2791 3393 3005 3473 fecis-,-

537 3503 713 3568 sent.
756 3497 957 3566 Unde
977 3501 1296 3569 Pasitelis
1324 3505 1546 3590 ipsius
1573 3525 1838 3572 nomen
1866 3510 2309 3592 aetatemque
2335 3503 2607 3568 Plinius
2644 3501 2994 3584 habuerit,

533 3603 934 3672 videbimus
982 3607 1167 3675 infra
1215 3609 1310 3697 (p.
1365 3611 1504 3697 28).
1642 3619 1644 3624 ’
2803 3635 2807 3640 ·

663 3807 675 3816 ·
749 3763 1014 3832 Omnes
1062 3745 1208 3836 fere
1257 3770 1386 3836 viri
1436 3771 1622 3839 docti
1664 3771 1710 3859 ’ἕ
1763 3774 1889 3838 155
1946 3771 2162 3838 verba
2216 3778 2476 3840 exstant
2534 3817 2997 3836 .......

533 3873 869 3954 cupidines
932 3873 1263 3942 Muciano
1331 3878 1656 3946 tribuunt
1727 3879 1845 3964 (cf.
1886 3901 2051 3947 cum
2100 3879 2295 3962 alios,
2352 3884 2503 3944 tum
2550 3875 2995 3962 Briegerum,

533 3994 602 4061 p.
635 3977 764 4060 603
822 3977 1280 4064 Urlichsium,
1337 4003 1409 4070 p.
1440 3985 1525 4067 93
1582 3985 1657 4051 L.
1689 3985 2089 4053 Brunnium
2125 4006 2138 4049 :
2193 3984 2295 4050 De
2331 3983 2603 4050 Licinio
2638 3980 2995 4063 MucianO,

536 4081 831 4169 Lipsiae,
892 4086 1085 4171 1870,
1129 4109 1196 4174 p.
1237 4091 1370 4171 41).
1425 4089 1735 4158 Vocibus
1786 4093 1979 4158 enim
2036 4095 2377 4157 exstant
2424 4089 2676 4156 hodie
2736 4083 3005 4176 signifi-

527 4189 675 4254 cari
722 4196 975 4276 putant
1021 4199 1248 4260 totum
1297 4196 1432 4263 hoc
1480 4196 1828 4264 indicium
1878 4197 1963 4264 ad
1996 4198 2426 4286 periegetam
2477 4195 2813 4284 aliquem,
2873 4193 2998 4279 qui

534 4294 743 4380 paulo
793 4303 954 4363 ante
1001 4319 1085 4365 ea
1134 4321 1366 4386 opera,
1439 4302 1524 4368 de
1573 4303 1836 4390 quibus
1900 4305 2150 4392 agitur,
2231 4303 2382 4389 ipse
2455 4301 2762 4385 vidisset,
2844 4317 3003 4366 esse

533 4403 1034 4478 revocandum,
1134 4407 1484 4494 Equidem
1531 4411 1661 4477 etsi
1711 4410 2020 4477 multum
2091 4410 2311 4494 abest,
2392 4417 2468 4476 ut
2524 4409 2673 4488 ⁴hoc
2728 4427 3007 4476 ‚eorum
