3550 5075
1571 359 2046 435 -28-‚

585 548 625 593 ·.
731 532 981 620 Neque
1031 536 1201 601 certi
1252 536 1644 624 quidquam
1696 537 1997 623 repperi,
2078 536 2268 623 quod
2318 558 2433 603 me
2482 542 2816 621 moveret,
2902 542 3034 603 ut·

520 660 702 729 quae
751 638 838 706 de
903 640 1260 709 Mausoleo
1331 643 1791 730 proferuntur
1839 644 2163 731 (30—31)
2211 643 2299 723 ab
2372 664 2454 711 eo
2527 644 2757 711 aliena
2828 662 2981 710 esse

521 746 884 813 ducerem.

737 852 844 921 Ne
891 853 1297 921 Servilianis
1345 854 1634 941 quidem
1683 856 1759 921 in
1830 855 2051 923 hortis
2122 856 2347 941 posita
2418 857 2585 923 artis
2658 875 2871 944 opera
2942 877 2983 923 a

523 959 822 1055 Pasitele
894 961 1208 1048 profecta
1278 982 1430 1029 esse
1502 983 1758 1051 negare
1830 982 2247 1049 possumUS,
2327 983 2492 1029 cum
2566 964 2707 1031 iam
2780 964 2979 1031 initio

521 1066 743 1133 seculi
791 1069 1015 1135 octavi
1065 1074 1223 1154 post
1267 1068 1522 1141 urbem
1587 1068 1944 1135 conditam
2015 1068 2281 1135 ibidem
2354 1070 2571 1137 fuisse
2643 1070 2983 1138 collocata

520 1175 867 1261 suspicari
917 1173 1124 1241 liceat.
1171 1174 1502 1261 (Urlichs,
1561 1176 1708 1256 QR.
1767 1177 1907 1246 19).

738 1420 1123 1507 Varroni,
1156 1429 1436 1509 praeter
1461 1423 2023 1491 additamentum
2050 1424 2429 1511 quoddam,
2487 1425 2573 1491 de
2600 1447 2740 1513 quo
2768 1445 2985 1512 supra

509 1543 800 1617 ,egimus
827 1534 937 1616 (p
955 1530 1094 1616 23),
1151 1550 1413 1597 nomen
1447 1536 1893 1618 aetatemque
1927 1530 2246 1597 Pasitehs
2271 1532 2648 1617 (XXXIII
2687 1534 2836 1615 106)
2862 1532 2989 1599 t11-

525 1636 839 1703 buimus,
894 1636 1141 1701 Eidem
1177 1642 1297 1702 aut
1329 1636 1484 1727 fort·
1472 1658 1625 1703 1333
1657 1635 1919 1703 Fabio
1947 1632 2987 1724 Vesta11([Jrl1cthR.‚14)

523 1764 713 1831 quae
735 1743 821 1809 de
847 1744 1165 1830 pictuiae
1191 1744 1410 1810 initiis
1436 1745 1770 1829 (XXXV,
1810 1746 1950 1808 15--
1958 1746 2093 1826 -16>
2122 1749 2191 1810 et
2215 1743 2301 1809 de
2337 1744 2731 1813 illustribus
2764 1747 2989 1833 picto-

529 1850 782 1934 ribuS
805 1851 925 1937 qui
975 1857 1135 1917 ante
1183 1851 1334 1919 XC
1364 1850 1789 1939 olympiada
1836 1852 2147 1934 fuerunt,
2234 1850 2611 1919 traduntur
2666 1852 2986 1939 (54—-5<))

321 1972 334 1985 ⁰
407 1994 414 1999 -
527 1957 994 2023 vindicamus,
1093 1958 1278 2025 Nam
1330 1979 1494 2025 cum
1551 1960 1791 2026 omnia
1840 1958 1959 2029 illa
2007 1959 2191 2025 inter
2238 1978 2312 2024 se
2362 1959 2805 2042 cohaereant,
2878 1960 2991 2025 vix
3064 2017 3073 2031 .

525 2064 663 2130 erit
710 2066 1113 2153 quisquam,
1157 2066 1279 2153 qui
1313 2073 1512 2153 putet
1561 2068 1798 2153 ipsum
1848 2066 2159 2132 Plinium
2209 2086 2292 2131 ea
2340 2087 2424 2131 ex
2481 2064 2773 2131 diversis
2822 2088 2991 2132 auc·
3064 2100 3073 2109 ·

528 2172 802 2239 toribus
851 2168 1237 2261 collegisse.
1305 2172 1404 2240 De
1455 2174 1778 2241 Romano
1828 2180 2067 2239 autem
2115 2172 2306 2239 fonte
2356 2178 2461 2239 est
2508 2172 2983 2259 cogitandum,

527 2299 696 2345 cum
747 2279 810 2344 ei
861 2278 1111 2345 Graeci
1163 2281 1563 2367 scriptores,
1635 2300 1821 2367 -quos
1893 2278 2165 2345 Plinius
2238 2278 2580 2360 adhibuit,
2636 2279 2989 2365 pictorum
3066 2270 3075 2348 ἶ

435 2420 446 2432 ,
529 2384 1079 2471 descriptionem
1144 2387 1280 2452 nisi
1351 2388 1811 2475 nonagesima
1882 2384 2280 2471 olympiada
2350 2405 2494 2450 non
2566 2385 2983 2471 inceperint.
3086 2414 3093 2422 ’

532 2492 676 2561 Cur
722 2513 886 2560 vero
935 2493 1041 2559 vel
1092 2493 1389 2561 Varroni
1439 2495 1572 2582 ipsi
1619 2492 1728 2560 vel
1777 2493 1996 2560 Fabio
2061 2490 2320 2560 Vestali
2371 2512 2454 2558 ea
2515 2490 2981 2576 vindicemus,

529 2601 602 2666 id
651 2619 904 2666 causae
953 2608 1077 2684 est,
1135 2601 1323 2689 quod
1373 2622 1457 2667 ex
1505 2601 1659 2668 aliis
1694 2599 2104 2666 auctoribus
2138 2599 2499 2682 RomaniS,
2560 2599 2617 2664 si
2667 2619 2849 2686 quae
2902 2598 2987 2665 de

533 2708 637 2774 eis
685 2714 851 2774 nota
884 2715 1049 2774 sunt
1082 2709 1500 2795 respicimus
1534 2707 1655 2792 (cf.
1699 2705 2155 2789 Urlichsium,
2191 2703 2368 2790 QR.,
2406 2704 2731 2791 pluribus
2764 2705 2983 2788 locis),

534 2813 774 2880 nullus
821 2814 908 2880 de
957 2817 1273 2902 picturae
1323 2815 1540 2882 initiis
1611 2813 1949 2880 continua
2020 2811 2335 2879 oratione
2408 2811 2632 2895 egisse
2702 2809 3017 2877 videtur·

531 2921 648 3004 (cf.
703 2920 1227 3008 Schreiberum,
1283 2921 1328 2988 l.
1382 2920 1428 2987 l.
1482 2943 1551 3009 p.
1608 2923 1746 3007 12).
1802 2919 2009 3004 Nam,
2067 2924 2145 2984 ut
2190 2917 2449 3004 Nepoti
2508 2939 2591 2984 ea
2646 2918 2981 3001 tribuam,

533 3028 606 3094 id
633 3029 821 3116 quod
848 3029 1393 3117 Furtvaenglero
1428 3028 1693 3116 placuit
1719 3028 1817 3112 (S.
1861 3029 1963 3110 15,
2006 3025 2115 3111 ff.)
2165 3025 2419 3091 adduci
2472 3044 2617 3090 non
2664 3035 2981 3112 possum.

534 3135 606 3202 Is
635 3142 821 3202 recte
849 3135 1138 3222 quidem
1164 3135 1496 3223 iudicavit
1523 3134 1621 3221 (S.
1660 3137 1773 3217 27)
1801 3140 2218 3220 perpetuam
2270 3132 2585 3220 picturae
2621 3117 2987 3196 historiam

531 3243 566 3328 ,ξ
616 3243 721 3308 15.
775 3243 1130 3329 inceptam
1177 3248 1322 3307 tam
1373 3248 1518 3308 arte
1565 3242 1597 3328 ,ξ
1645 3243 1730 3306 56
1781 3239 2202 3322 continuari,
2282 3244 2360 3303 ut
2429 3237 2515 3302 de
2588 3257 2731 3302 uno
2803 3236 2991 3324 frag-

539 3355 776 3414 mento
826 3349 901 3413 in
946 3347 1124 3413 duas
1171 3354 1406 3434 partes
1456 3347 1697 3430 divis0,
1778 3367 1922 3413 non
1992 3346 2078 3411 de
2151 3344 2444 3410 diversis
2513 3343 2829 3410 fontibus
2900 3343 2992 3409 sit

539 3453 1014 3544 cogitandum.
1115 3453 1596 3534 Quamobrem
1645 3454 1837 3520 haud
1884 3452 2131 3519 leviter-
2178 3457 2447 3537 stupeo,
2506 3471 2671 3517 cum
2743 3449 2830 3516 ad
2879 3470 2981 3532 ea,

536 3545 720 3649 quae
791 3561 954 3628 inde
1028 3561 1331 3650 colligit,
1414 3562 1734 3629 animum
1808 3559 2137 3627 adverto:
2236 3556 2447 3624 Plinii
2517 3556 2732 3644 verba
2804 3575 2991 3622 mox

540 3667 1065 3735 docebimus
1111 3689 1256 3736 non
1307 3669 1393 3736 ad
1441 3670 1470 3756 ξ
1519 3670 1626 3753 56,
1707 3666 1831 3733 sed
1882 3666 1967 3732 ad
2016 3667 2512 3751 insequentem
2582 3663 2612 3750 ἓ
2664 3664 2745 3727 17
2817 3661 2994 3727 refe-

542 3774 761 3841 renda
794 3796 970 3842 esse.
1047 3775 1368 3844 Profecto
1403 3775 1811 3842 mirandum
1860 3780 1964 3841 est
2012 3771 2186 3839 illud
2232 3772 2466 3836 virum
2514 3769 2801 3836 doctum
2850 3789 2994 3834 non

539 3880 796 3948 vidisse
844 3884 1224 3969 pessimam
1260 3883 1423 3949 inde
1457 3883 1610 3950 eius
1662 3901 1933 3966 sensuS,
1991 3900 2204 3967 quem
2256 3877 2518 3944 habent
2564 3875 2991 3943 vocabulum

539 4009 749 4056 mox
797 3995 866 4055 et
899 3987 1244 4056 futuri
1292 3998 1593 4076 tempus,
1651 3987 2226 4076 depravationem
2290 3985 2480 4051 oriri.
2584 3982 2733 4049 Hoc
2795 3980 2988 4047 enim

539 4095 858 4182 verbum,
938 4097 996 4164 si
1043 4117 1208 4162 vera
1255 4104 1437 4162 esset
1485 4094 2013 4183 Fuitxaengleri
2071 4092 2439 4174 sententia,
2519 4089 2707 4155 idem
2780 4094 2993 4174 atque

541 4223 762 4272 nunc
811 4209 1113 4287 sonaret,
1164 4202 1430 4269 futuri
1463 4209 1744 4289 tempus
1778 4199 2253 4288 praesentis
2301 4197 2444 4261 vim
2493 4195 2867 4278 obtiner,et
2926 4192 2995 4258 id

543 4311 734 4400 quod
807 4331 1038 4396 neque
1110 4330 1237 4396 per
1304 4329 1377 4376 se
1451 4308 1589 4376 dici
1661 4313 1891 4394 potest
1961 4312 2030 4372 et
2100 4326 2140 4370 a
2210 4303 2419 4370 Plinii
2491 4321 2627 4368 usu
2706 4319 2997 4388 prorsus

543 4418 857 4487 alienum
929 4423 1033 4483 est
1104 4415 1488 4500 (XXXIII,
1558 4417 1728 4500 1173
1798 4413 2107 4498 XXXV,
2175 4413 2375 4498 111),
2454 4429 2685 4496 neque
2759 4405 2997 4472 minus
