3550 5075
1636 315 1989 406 ..16-

581 506 856 574 Ρ11111115
905 508 1234 595 decipere
1280 508 1558 611 yoluit‘l
1653 506 1859 587 Quod
1908 528 2075 574 cum
2119 529 2415 595 prorsus
2473 511 2859 578 existimari
2922 533 3043 578 ne—

574 622 788 701 queat
854 624 1088 703 neque
1168 635 1383 682 causa
1459 616 1837 703 excogitari
1914 616 2177 702 possit,
2278 636 2443 702 cur,
2530 618 2587 684 si
2666 624 3041 685 auctorum

575 721 862 791 illorum
937 723 1487 789 commentarios
1556 722 1706 809 ipse
1777 722 1852 788 in
1925 723 2256 791 manibus
2328 724 2720 807 habuisset,
2799 726 3039 792 minus

576 835 904 895 accurate
955 828 1043 894 de
1125 828 1226 895 eis
1299 835 1484 895 esset
1554 828 1871 914 100111115,·
1940 839 2291 916 superest,
2350 837 2428 897 ut
2500 831 2820 897 dicamus
2892 833 3047 899 eius

465 918 470 925 Δ
574 937 796 1002 11161111
849 955 992 1001 11011
1041 935 1487 1001 obversatam
1535 956 1700 1029 6556,
1744 937 1881 1002 11151
1953 936 2321 1003 confusam
2398 938 2709 1025 aliquam
2782 940 3039 1035 cogita—

572 1043 840 1108 tionem
916 1062 1183 1109 earum·
1236 1061 1502 1126 rerum,
1581 1063 1755 1129 quas
1827 1042 2113 1110 illorum
2194 1044 2395 1110 libris
2467 1046 2812 1112 contineri
2889 1048 3037 1113 veri

577 1148 808 1215 simile
843 1154 1070 1233 esset3
1125 1150 1222 1215 ita
1255 1148 1523 1214 factum
1557 1169 1732 1233 esse,
1789 1156 1866 1215 ut
1910 1149 2287 1235 scriptores
2338 1150 2493 1219 illos
2543 1172 2627 1217 ex
2675 1152 2797 1237 615,
2845 1173 3036 1239 ,1111116

571 1274 609 1320 6
683 1256 1216 1323 commentariis
1289 1275 1539 1322 eorum
1611 1257 2065 1342 sumpsisset,
2160 1258 2417 1343 partim
2510 1259 2597 1325 de
2668 1261 3033 1345 toreutice,

569 1362 830 1449 partim
881 1362 968 1427 de
1016 1363 1298 1448 pictura
1343 1364 1568 1451 egisse
1603 1362 2013 1429 declararet.
2068 1402 2151 1411 -——
2201 1362 2363 1429 Iam·
2402 1366 2513 1437 ad¹
2540 1368 3035 1455 gravissimum

569 1468 747 1535 illud
796 1469 1166 1554 indicium,
1238 1469 1428 1557 quod
1477 1470 1563 1535 de
1611 1470 1927 1555 fontibus
1976 1472 2122 1537 suis
2178 1472 2501 1557 protulit,
2566 1480 3028 1540 revertamur.

579 1574 1019 1642 Graecorum
1092 1576 1454 1665 diligentia
1524 1578 1598 1643 in
1648 1577 2149 1645 describendis
2220 1580 2613 1666 pictoribus
2683 1601 2827 1647 non
2898 1579 3032 1648 sibi

571 1682 885 1756 constitit
933 1682 1240 1769 (XXXV,
1295 1682 1436 1769 54).
1512 1682 1831 1749 Fuerunt
1879 1704 2043 1771 ergo
2093 1686 2167 1752 in
2216 1686 2369 1751 aliis
2418 1685 2808 1753 artificibus
2856 1693 3035 1754 trac-

568 1790 800 1855 tandis
837 1789 1234 1877 diligentes
1290 1788 1811 1869 Quaerentibus
1846 1798 2105 1876 autem,
2163 1792 2593 1879 quibusnam
2644 1793 3033 1861 artificibus

568 1896 954 1963 tractandis
1009 1895 1413 1985 diligentiae
1484 1896 1768 1961 laudem
1842 1898 2253 1981 meruerint,
2332 1898 2713 1985 respondet
2760 1899 3034 1993 Plinius

572 2004 822 2070 eodem
873 2003 1071 2069 loco:
1128 2022 1294 2069 cum
1343 2002 1430 2067 de
1479 2004 1833 2068 statuariis
1882 2024 1962 2069 ac
2013 2004 2307 2071 toreutis
2356 2012 2666 2093 agerent.
2767 2005 3033 2073 Omnes

567 2111 782 2199 igitur
861 2109 1113 2176 Glaeci
1197 2115 1520 2175 auctores
1597 2109 1672 2175 in
1752 2110 2195 2177 celebiandis
2274 2117 2342 2177 et
2424 2111 2894 2178 caelatoribus
2966 2120 3035 2179 et

569 2218 926 2285 statuariis
975 2223 1046 2282 et
1090 2215 1480 2305 pictoribus
1525 2217 1782 2282 versati
1848 2222 2056 2301 sunt,-
2113 2216 2325 2304 idque
2375 2218 2490 2302 ita,
2576 2224 2655 2284 ut
2724 2224 2857 2303 et,·
2892 2240 3033 2307 qua

565 2319 867 2411 quisque
894 2323 1249 2389 floruisset
1275 2323 1694 2409 olympiade,
1749 2323 2145 2389 indicarent
2170 2330 2239 2389 et
2264 2324 2649 2395 illustrium
2676 2326 3029 2413 pictorum
3056 2382 3059 2385 .

565 2431 766 2497 initia
813 2432 1041 2497 5611115
1089 2436 1498 2497 statuerent
1576 2430 1772 2510 Quae
1824 2451 1987 2496 cum
2037 2432 2130 2497 ita
2180 2432 2339 2515 sint,
2401 2432 2537 2497 nisi
2588 2433 3033 2499 existimatur

568 2559 757 2604 unus
792 2539 1092 2624 scriptor
1124 2536 1562 2625 reliquorum
1607 2539 1930 2606 omnium
1975 2537 2192 2606 libros
2242 2539 2329 2605 de
2379 2546 2527 2606 arte
2577 2541 3027 2627 exscripsisse

569 2646 1096 2732 exscriptosque
1134 2645 1362 2711 Plinio
1397 2645 1789 2728 tradidisse,
1844 2645 2024 2725 vide,
2083 2646 2253 2733 quid
2291 2653 2649 2734 sequatur.
2690 2647 3029 2715 Primum

569 2751 859 2838 quidem
900 2751 1284 2817 dicendum
1335 2757 1440 2818 est
1486 2753 1671 2818 inter
1718 2771 1966 2818 omnes
2016 2753 2217 2839 quasi
2268 2754 2681 2819 convenisse
2731 2760 2828 2837 ut,
2884 2774 3030 2821 non

568 2857 1140 2945 quandocunque
1197 2908 1200 2914 ,
1248 2859 1935 2944 praestantissimum
2038 2878 2215 2944 opus
2317 2865 2501 2928 esset
2595 2859 3020 2945 confectum,

573 2965 720 3047 sed,
776 2984 915 3051 quo
951 2965 1252 3051 quisque
1283 2970 1603 3050 tempore
1637 2964 1943 3030 maxime
1992 2965 2065 3031 in
2115 2965 2384 3031 honore
2433 2965 2701 3049 fuisset,
2758 2972 3033 3032 memo-

569 3077 830 3146 rarent.
887 3069 1090 3150 Quod
1139 3076 1504 3156 quantum.
1535 3070 1622 3136 ab
1673 3070 1868 3136 omni
1915 3069 2579 3145 verisimilitudine
2626 3071 3023 3154 abhorreat,

564 3198 777 3244 nemo
826 3183 950 3261 est,
1009 3178 1182 3264 quin
1214 3177 1467 3243 videat.
1521 3176 1771 3263 Neque
1806 3178 2029 3264 magis
2070 3177 2458 3243 existimari
2507 3176 2737 3264 'potest
2783 3198 3031 3260 omnes

565 3285 724 3351 illos
774 3291 1098 3351 auctores
1147 3284 1234 3349 de
1295 3284 1649 3350 statuariis
1696 3285 2135 3371 toreutisque
2207 3285 2371 3350 inde
2444 3284 2530 3351 ab
2604 3285 3033 3373 octogesima

565 3392 771 3465 tertia
804 3391 1202 3478 olympiade
1236 3392 1481 3480 egisse,
1538 3390 1624 3456 de
1673 3391 2061 3476 pictoribus
2098 3412 2261 3457 cum
2298 3397 2460 3458 ante
2494 3393 3028 3480 nonagesimam

568 3497 967 3585 olympiada
1013 3497 1194 3563 nihil
1238 3493 1630 3581 tradidisse,
1709 3505 1862 3562 tum
1914 3518 2160 3572 eorum
2212 3499 2414 3564 initia
2486 3499 2558 3563 in
2609 3498 2739 3564 hac
2812 3498 3032 3586 olym-

566 3605 774 3692 piade
839 3611 1224 3671 statuentes
1295 3604 1622 3670 similiter
1691 3605 2054 3671 erravisse.
2155 3604 2421 3682 Verum
2496 3605 2879 3690 enimverO,
2959 3606 3029 3672 id

569 3711 758 3798 quod
829 3712 1183 3797 imprimis
1253 3717 1359 3778 est
1427 3710 1767 3798 dignum,
1858 3711 2045 3798 quod
2123 3718 2451 3778 accurate
2522 3711 3021 3798 perpendatur,

566 3838 816 3900 omnes
848 3818 1014 3900 illos
1039 3819 1416 3904 scriptores
1449 3837 1624 3883 num
1657 3819 1804 3883 veri
1855 3817 2083 3884 simile
2134 3824 2239 3884 est
2289 3839 2432 3884 una
2481 3825 2550 3884 et
2598 3818 2683 3884 de
2730 3817 3031 3884 toreutis

569 3932 636 3992 et
686 3927 1042 3994 statuariis
1091 3933 1160 3992 et
1204 3925 1596 4012 pictoribus
1643 3924 1925 4014 egisse‘?
2018 3924 2211 3992 Num
2265 3924 2753 4010 Menaechmo,
2830 3925 3030 3990 Anti-

572 4052 777 4120 gonO,
816 4032 1219 4117 Xenocrati,
1260 4030 1532 4115 Duridi,
1565 4031 1688 4118 qui
1715 4030 1805 4096 de
1828 4031 2242 4122 toreutice
2273 4031 2732 4117 scripserunt,
2767 4030 2885 4116 (01.
2924 4031 3030 4097 111-

575 4138 767 4204 dices
837 4139 1184 4204 librorum
1264 4137 1586 4204 XXXIII.
1664 4143 1732 4204 et
1802 4137 2172 4224 XXXIV),
2249 4131 2671 4222 MenandrO,
2748 4139 2869 4225 qui
2941 4137 3029 4202 de

576 4251 654 4310 to
677 4245 939 4310 reutis
976 4244 1090 4327 (cf.
1120 4245 1270 4312 ind.
1301 4244 1424 4311 lib.
1466 4243 1825 4331 XXXIII.)
1852 4264 1953 4328 ea,
1988 4264 2168 4331 quae
2196 4245 2282 4311 ad
2308 4246 2613 4332 pictores
2644 4247 3019 4334 pertinent,

576 4350 816 4417 deberi
869 4351 1302 4418 credemus?
1395 4351 1520 4418 Ses
1567 4357 2087 4438 praeterquam,
2139 4351 2355 4442 ,quod
2424 4353 2499 4418 in
2562 4351 2795 4418 indice
2864 4350 3029 4417 libri
