3550 5075
1629 365 1712 372 .-...
1767 324 1853 387 10
1898 362 1985 371 ..-

573 528 663 591 ad
707 526 1135 612 seyreyandos
1178 546 1308 589 sese
1355 544 1398 588 a
1443 523 1664 587 ceteris
1709 522 1917 605 maqis
1964 542 2159 603 quam
2214 522 2573 607 intelliyere
2633 523 2887 606 aliquid
2946 526 3041 591 ibi

563 632 892 714 suptilius,
951 635 1012 696 et
1055 632 1170 695 hoc
1205 629 1442 713 paucis
1487 626 1728 692 docebo,
1828 627 2183 693 Corinthus
2246 633 2433 711 capta
2501 634 2593 693 est
2648 630 3035 713 olympiadis

567 736 891 804 CLVIII
926 758 1108 803 anno
1157 736 1364 816 tertiO,
1434 740 1698 801 ‘nostrae
1743 735 1926 799 urbis
1974 734 2106 800 DC
2115 734 2313 817 VIII,
2386 758 2529 801 cum
2600 743 2753 803 ante
2820 740 3037 805 secula

565 843 817 925 fictores
864 844 1107 910 ‘nobiles
1162 860 1290 908 esse
1359 843 1688 923 desissent,
1761 863 2041 923 quorum
2111 844 2225 907 isto:
2294 844 2517 908 omnia
2586 845 2777 927 siqua
2846 845 3035 910 hodie

570 950 920 1016 Corinthia
989 950 1292 1032 apellant.
1387 950 1797 1032 Quapropter
1866 949 1953 1013 ad
2024 950 2464 1033 cocesryuendos
2540 970 2645 1014 eos
2710 972 3033 1033 ponemus

567 1056 896 1138 artificum
943 1061 1198 1121 aetates.
1249 1056 1425 1120 Nam
1471 1055 1652 1119 urbis
1698 1059 1965 1120 nostrae
2013 1075 2227 1119 aomos
2274 1076 2353 1119 επ
2397 1076 2603 1137 supra
2648 1056 2819 1121 dicta
2867 1079 3031 1123 com-

562 1164 912 1247 paratione
943 1162 1384 1245 olympiadum
1417 1161 1706 1244 colliyere
1736 1159 1928 1242 facile
1974 1161 2099 1225 erit
2126 1161 2481 1241 (XXXIV,
2520 1162 2738 1243 6---7).
2794 1160 3027 1248 Atque

565 1268 690 1355 qui
737 1268 914 1333 haec
963 1266 1263 1354 scripsit,
1342 1266 1799 1332 manifestum
1851 1272 1955 1331 est
2002 1285 2171 1331 eum
2234 1270 2495 1332 aetates
2568 1265 2734 1333 solis
2806 1267 3029 1355 olym-

564 1374 895 1463 piadibus
944 1373 1287 1441 indicatas
1336 1374 1410 1439 in
1459 1373 1650 1440 fonte
1701 1373 2118 1460 repperisse.
2220 1370 2427 1451 Quod
2475 1373 2610 1439 nisi
2674 1374 2770 1441 ita
2818 1384 3023 1460 esset,

563 1480 757 1569 quod
827 1500 972 1546 non
1045 1480 1250 1546 annis
1321 1479 1409 1545 ab
1481 1478 1659 1544 urbe
1731 1478 2015 1545 condita
2090 1485 2447 1563 uteretur,
2514 1482 3021 1567 excusationes,

563 1595 644 1655 ut
691 1587 787 1653 ita
835 1586 1091 1671 dicam,
1149 1585 1546 1674 legentibus
1595 1583 1849 1651 afferre
1899 1605 2043 1651 non
2092 1583 2469 1668 videretur,
2527 1586 2649 1669 613,
2722 1586 2794 1651 id
2841 1588 3032 1674 quod

561 1715 606 1761 a
629 1694 997 1761 communi
1026 1713 1239 1759 sensu
1267 1712 1558 1779 prorsus
1583 1691 1938 1772 abhorret,
1982 1695 2050 1756 et
2076 1690 2535 1776 comparandi
2570 1693 3033 1759 centesimam

565 1800 1231 1889 quinquagesimam
1261 1806 1577 1867 octavam
1606 1797 2007 1884 olympiada
2034 1818 2199 1863 cum
2229 1799 2737 1866 sexcentesimo
2788 1806 3033 1869 octavo

564 1908 764 1974 urbis
814 1927 999 1974 anno
1051 1912 1120 1972 et
1167 1904 1332 1971 inde
1381 1926 1508 1992 pro
1557 1925 1989 1991 unaquaque
2062 1912 2287 1971 aetate
2359 1925 2441 1971 ex
2512 1905 3032 1993 olympiadibus

565 2034 792 2081 annos
842 2013 1040 2084 urbis
1113 2011 1485 2101 colligendi
1560 2032 1740 2079 onus
1813 2032 1956 2078 11011
2030 2012 2451 2098 imponeret.
2552 2012 2748 2079 Solas
2820 2013 3037 2102 igitur

563 2120 1024 2208 olympiadaS,
1081 2140 1223 2187 non
1273 2139 1496 2185 annos
1545 2119 1632 2184 ab
1683 2119 1861 2184 urbe
1898 2118 2183 2185 condita
2224 2118 2451 2185 Plinio
2501 2119 2827 2206 praebuit
2872 2120 3036 2186 sons

555 2227 703 2313 ille,
759 2248 798 2293 e
847 2246 988 2315 quo
1040 2233 1505 2308 manaverunt
1571 2224 1925 2292 artificum
2000 2232 2262 2293 aetates
2334 2246 2548 2313 supra
2618 2227 2803 2293 dicto
2876 2226 3031 2293 loco

561 2334 975 2423 promissae,
1056 2334 1130 2398 in
1195 2332 1652 2420 paragraphis
1721 2332 1987 2396 49—52
2063 2338 2541 2399 enumeratae.
2643 2333 2793 2398 Iam
2864 2353 3031 2400 vero

560 2441 813 2507 Graeci
866 2440 1228 2526 scriptoris
1276 2438 1410 2506 fuit
1457 2439 1613 2505 sons
1662 2432 1803 2523 ille,
1862 2459 2006 2505 non
2057 2438 2386 2505 Romani.
2486 2438 2759 2506 Plinius
2808 2440 3021 2524 6111111,

557 2567 748 2630 cum,
831 2547 1020 2635 quod
1073 2546 1592 2634 olympiadibus
1644 2547 1994 2613 indicaret
2042 2547 2543 2614 statuariorum
2595 2553 2876 2631 aetateS,
2955 2567 3033 2612 se

559 2660 948 2737 excusaret,
1031 2654 1087 2720 si
1141 2653 1548 2721 Romanum
1599 2654 2088 2740 exscripsisset
2135 2660 2519 2738 auctorem,
2597 2654 2731 2720 hac
2800 2654 3037 2740 prima

558 2761 863 2828 debebat
897 2760 999 2826 uti
1053 2761 1549 2828 excusatione:
1605 2761 1677 2826 111
1713 2759 2039 2826 Romano
2090 2759 2208 2826 illo
2258 2770 2545 2827 auctore
2595 2767 2855 2826 aetates
2884 2780 3030 2827 non

557 2868 696 2935 alio
734 2867 945 2934 modo
983 2875 1194 2954 atque
1229 2866 1748 2954 olympiadibus
1802 2866 2024 2933 fuisse
2072 2867 2439 2933 indicatas,
2495 2866 2630 2934 Sed
2679 2866 3036 2956 fingamus

560 2973 974 3040 Romanum
1001 2974 1524 3040 intercessisse:
1565 2973 1651 3038 (le
1680 2973 1830 3039 solo
1861 2973 2175 3040 Varrone
2203 2979 2324 3039 aut
2349 2973 2621 3062 Nepote
2655 2974 3022 3058 habemUS,

562 3081 754 3168 quod
808 3082 1221 3170 cogitemus,
1321 3080 1412 3170 At
1459 3087 1847 3167 utrumque
1896 3101 2121 3147 annos
2170 3081 2257 3147 ab
2307 3081 2485 3148 urbe
2556 3081 2838 3148 condita
2907 3080 3032 3146 ad-

557 3187 879 3254 hibuisse
951 3186 1181 3273 (conf.
1239 3186 1570 3271 Gellium,
1642 3187 1858 3270 XVII,
1916 3187 2063 3271 21),
2120 3188 2478 3273 propriam
2539 3189 2611 3253 in
2670 3187 2770 3253 eis
2835 3207 3034 3253 com-

558 3293 892 3380 putandis
964 3295 1310 3374 rationem
1384 3301 1662 3361 secutos
1734 3315 1890 3360 esse
1970 3313 2181 3360 1161110
2262 3296 2488 3361 nescit
2572 3315 2803 3382 neque
2884 3292 3027 3361 ulla

560 3420 778 3468 causa
811 3399 1029 3466 fuisse
1062 3398 1378 3487 putanda
1425 3406 1549 3485 est,
1607 3421 1736 3466 cur
1783 3401 1856 3464 111
1908 3399 2296 3467 artificibus
2344 3401 2727 3467 tractandis
2775 3421 2816 3467 a
2849 3422 3032 3468 con-

557 3513 760 3572 sueta
807 3507 1083 3574 ratione
1132 3506 1566 3573 recederent.
1668 3507 1866 3586 Quae
1918 3528 2081 3574 cum
2133 3508 2230 3574 ita
2279 3508 2437 3590 sint,
2510 3508 2833 3574 dubitare
2882 3529 3027 3576 non

556 3633 968 3700 possumus,
1027 3614 1201 3702 quin
1235 3634 1318 3680 ex
1353 3614 1504 3701 ipso
1541 3614 1809 3681 Graeco
1844 3614 2061 3700 sonte,
2116 3636 2263 3681 non
2310 3635 2348 3680 e
2384 3615 2706 3682 Romano
2754 3615 3031 3682 Plinius

557 3724 825 3786 aetates
851 3719 1008 3786 illas
1033 3721 1437 3808 sumpserit.
1491 3759 1580 3769 --
1628 3720 1893 3799 Restat,
1938 3728 2015 3787 ut
2048 3720 2617 3788 demonstremus
2642 3742 2721 3788 ex
2774 3721 3024 3788 eodem

557 3825 752 3894 fonte
769 3825 1067 3894 fluxisse
1093 3827 1440 3915 reliquam
1476 3827 1829 3894 artificum
1858 3827 2428 3915 descriptionem.
2484 3829 2715 3916 Atque
2765 3833 3030 3894 aetates

559 3932 852 4020 quidem
926 3933 1279 4000 artificum
1351 3934 1423 4000 in
1497 3934 1599 4000 eis
1671 3933 1758 4000 N.
1817 3935 1904 4000 H.
1961 3934 2325 4020 partibUS,
2405 3935 2665 4022 quibus
2737 3954 3026 4022 operam

558 4039 834 4124 damus,
899 4040 1152 4106 relatas
1178 4061 1261 4106 ex
1287 4040 1555 4106 eisdem
1582 4040 1898 4108 fontibus
1933 4046 2144 4128 atque
2180 4042 2681 4109 statuariorum
2717 4041 3025 4107 indicem

558 4146 908 4233 profectas
943 4165 1096 4214 esse
1130 4167 1340 4214 nemo
1391 4148 1542 4232 erit,
1601 4147 1721 4235 qui
1772 4147 2140 4233 infitietur,
2196 4149 2255 4215 si
2304 4169 2548 4215 secum
2596 4148 3029 4236 reputaverit

555 4259 627 4320 et
670 4253 747 4319 in
796 4253 1030 4319 indice
1079 4260 1149 4320 et
1193 4253 1269 4320 111
1317 4254 1418 4320 613
1451 4254 1933 4342 paragraphis,
1994 4254 2255 4342 quibus
2305 4255 2606 4342 quisque
2653 4261 3014 4338 tractatur,

556 4379 850 4446 prorsus
897 4360 1195 4426 eandem
1245 4380 1399 4426 rem
1447 4359 1697 4426 eodem
1750 4361 1961 4427 modo
2011 4361 2329 4445 indicari,
2386 4361 2544 4428 dico
2592 4362 2663 4428 id
2710 4367 3018 4448 tempuS,
