3550 5075
1620 340 1931 403 -ss-

551 532 987 600 Graecorum
1028 533 1246 602 libros
1295 535 1748 621 exscripsisse
1799 534 2324 621 exscriptosque
2359 533 2585 600 Plinio
2633 532 3015 600 tradidisse

551 659 841 727 prorsus
883 639 1021 707 dici
1070 641 1340 728 nequit.
1397 640 1556 708 Alio
1606 641 1895 729 quidem
1947 640 2155 708 modo
2190 640 2583 707 Urlichsius
2628 646 2715 707 ea
2759 637 2996 721 verba,

550 746 636 813 de
687 747 946 834 quibus
995 747 1376 835 loquimur,
1433 749 1956 835 interpretatur.
2056 747 2193 828 Qui
2243 768 2405 815 cum
2456 746 2643 835 apud
2691 746 3007 815 Plinium

551 852 867 941 (XXXV,
945 854 1058 941 58)
1126 853 1447 943 legisset:
1549 858 1730 938 Quin
1802 858 1993 922 immo
2062 862 2382 922 certamen
2450 857 2644 921 etiam
2704 858 3017 939 picturae·

545 962 815 1044 florente
845 984 914 1027 eo
948 960 1334 1049 (Panaeno)
1383 964 1761 1030 institutum
1810 968 1901 1028 est
1933 963 2236 1029 Corinthi
2282 983 2357 1027 ac
2404 963 2677 1045 Delphis
2712 965 3008 1046 primns-

547 1090 669 1151 que
717 1070 1010 1135 omnium
1057 1071 1324 1135 certavit
1368 1092 1511 1135 cum
1552 1070 1902 1154 Timayora
1936 1069 2369 1150 Chalciden-se,
2412 1074 2762 1151 &operatas
2808 1071 2887 1136 ab
2935 1092 3004 1135 eo

545 1173 820 1260 Pythia,
843 1176 1026 1257 ‘quod
1055 1181 1116 1241 et
1143 1176 1351 1259 ipsius
1391 1176 1774 1262 Timayorae
1806 1176 2096 1241 carmine
2140 1180 2381 1241 vetusto
2428 1180 2698 1258 apparet
2742 1177 3014 1243 chroni-

547 1304 769 1347 corum
815 1274 1035 1347 errore
1081 1304 1221 1349 non
1267 1283 1490 1363 dubie,
1557 1300 1640 1345 ex
1689 1279 2043 1346 chronicis
2091 1277 2228 1345 illis
2285 1279 2639 1366 pictorum
2697 1279 3015 1367 descrip--

545 1387 812 1453 tionem
863 1385 1147 1454 fluxisse
1196 1386 1530 1453 iudicavit
1579 1386 2172 1473 (Chrestomathia
2205 1386 2547 1471 Pliniana,
2588 1386 2634 1453 l.
2674 1386 2779 1474 1.).
2834 1386 2993 1471 Sed,

543 1481 866 1576 utillud,
945 1492 1136 1580 quod
1207 1492 1293 1559 de
1342 1492 1746 1579 Ecphanto,
1828 1491 2187 1559 Damarati
2260 1494 2552 1578 comite,
2631 1492 3013 1561 Cornelius.

546 1599 786 1687 Nepos
832 1598 1046 1666 tradit
1093 1600 1428 1683 (XXXV,
1487 1602 1602 1681 16)
1675 1620 1758 1665 ex
1807 1620 1888 1667 eo
1947 1599 2159 1683 fonte,
2238 1620 2454 1687 quern
2526 1601 2599 1666 in
2670 1600 3014 1667 manibus.

546 1706 873 1791 habebat,
929 1704 1201 1772 Plinius
1250 1706 1616 1792 exscripsit
1663 1705 1781 1793 (cf.
1821 1704 2026 1789 infra,
2067 1726 2136 1792 p.
2168 1707 2309 1791 529),
2366 1706 2463 1773 ita
2489 1704 3003 1773 Chronicorum

545 1811 854 1897 illorum,
910 1809 1256 1899 'quidquid
1285 1817 1470 1896 sunt,
1525 1810 1785 1878 falsum
1813 1811 2159 1878 indicium
2192 1813 2328 1878 nisi
2356 1833 2483 1899 per
2515 1833 2680 1879 eum
2707 1811 2996 1894 librum,

548 1939 765 2007 quern
813 1917 1158 2002 adhibuit,
1239 1918 1582 2005 cognovit,
1662 1938 1803 2004 quo
1854 1917 2134 1983 dic-endi
2183 1938 2439 2006 genere
2504 1924 2656 1984 tum
2728 1916 3019 1983 videtur·

547 2025 852 2093 libenter
883 2044 1036 2090 esse
1070 2037 1262 2109 usi'1S,
1320 2045 1485 2090 cum
1535 2025 1796 2091 erroris
1845 2025 2268 2112 cuiusquam
2319 2026 2393 2091 in
2442 2024 2756 2092 fontibus
2803 2044 3017 2090 men--

544 2133 813 2199 tionem
841 2130 1151 2218 aliquam
1180 2131 1578 2217 reperiebat
1603 2131 1718 2215 (cf.
1749 2131 1875 2215 VI,
1908 2133 2039 2216 833
2096 2132 2219 2216 IV,
2256 2132 2427 2216 1143
2480 2131 2794 2216 XXVII,
2831 2131 2997 2196 176:

539 2239 907 2322 XXXIII,
964 2238 1100 2321 58).
1187 2276 1268 2287 --
1350 2238 1718 2306 Praeclare
1766 2237 1887 2305 illa
1933 2238 2353 2327 paragraphi
2401 2240 2489 2303 54
2550 2239 2765 2305 verba
2834 2257 3014 2305 con--

541 2344 919 2412 firmantur
989 2346 1112 2430 eiS,
1192 2366 1372 2433 quae
1445 2344 1612 2412 alibi
1683 2346 2106 2433 reperimus.
2207 2345 2387 2413 Sunt
2458 2352 2695 2412 autem
2766 2345 2995 2411 baec:

538 2454 854 2537 ArtificeS,
889 2456 1004 2537 qai
1035 2456 1396 2540 compositis
1425 2453 1867 2521 vola-minibus
1900 2446 2243 2520 condidere
2274 2456 2445 2537 haec,
2478 2455 2667 2520 miris
2701 2454 3015 2519 laudibus·

540 2563 857 2629 celebrant
931 2563 1343 2646 Telephanen
1409 2563 1776 2628 Phocaeam
1847 2563 2144 2647 iqnotum
2230 2565 2398 2628 alias
2420 2615 2439 2645 ,
2534 2564 2847 2645 qnoniam
2924 2562 3014 2626 in.

544 2669 884 2734 Thessalia
913 2669 1316 2749 habitaverit,
1371 2674 1430 2734 et
1457 2670 1548 2734 ibi
1582 2690 1775 2753 opera
1810 2671 1949 2735 eins
1997 2671 2333 2752 latuerint,
2383 2671 2633 2754 alioqui
2662 2667 3008 2754 suffrayiis

536 2776 828 2859 ipsorum
875 2781 1200 2857 aequatur
1243 2776 1574 2859 PolyclitO,
1626 2777 1922 2860 Myroni,
1971 2776 2398 2862 Pythayorae.
2495 2777 2820 2843 Laudant
2863 2775 3014 2841 eius·

537 2883 849 2947 Larisam
895 2887 956 2946 et
1001 2881 1164 2965 Spin
1174 2883 1438 2947 tharam
1459 2884 1877 2966 pentathlum
1923 2888 1983 2947 et
2027 2882 2413 2965 Apollinem.
2461 2882 2602 2949 Alii
2646 2906 2788 2950 non
2833 2885 3004 2950 hanc

537 2988 965 3074 ignobilitatis
1009 2987 1212 3070 fuisse
1259 3009 1541 3070 causam,
1612 2990 1739 3070 sed,
1806 2990 1978 3070 quod
2022 3011 2087 3054 se
2133 3011 2359 3071 regum
2404 2989 2645 3054 Xeraeis
2690 2996 2750 3056 et
2795 2989 3015 3055 Darii]

539 3091 824 3177 officinis
845 3095 1185 3176 dediderit,
1214 3095 1594 3160 existimant
1619 3091 1959 3180 (XXXIV,
1994 3093 2132 3178 68).
2201 3091 2397 3172 Quae
2424 3099 2503 3158 ut
2526 3094 2993 3184 intellegatur,

538 3219 753 3286 quam
803 3197 939 3264 late
1010 3205 1316 3285 pateant,
1395 3198 1483 3264 ad
1553 3199 1727 3264 haec
1802 3204 1907 3265 est
1979 3198 2513 3265 attendendum.
2611 3199 3001 3267 Enumerat

538 3305 810 3372 Plinius
859 3304 1361 3372 celeberrimos
1411 3305 1823 3389 statuariOS,
1904 3303 2060 3373 dico
2110 3304 2473 3389 Phidiam,
2551 3304 2992 3392 Polyclitum,

537 3411 928 3500 Myronem,
999 3410 1505 3500 Pythagoram,
1572 3411 1959 3498 Lysippum
2007 3407 2197 3477 haud
2246 3411 2342 3476 ita
2388 3409 2633 3497 paucis
2681 3411 3008 3479 referens.

539 3528 609 3590 et
655 3537 838 3605 quae
886 3517 973 3584 ad
1033 3523 1258 3584 artem
1331 3524 1400 3585 et
1461 3539 1642 3605 quae
1707 3517 1797 3584 ad
1861 3537 2076 3604 opera
2140 3523 2459 3604 spectant
2522 3517 2626 3605 (§§
2672 3518 3005 3605 54-67)..

539 3626 696 3707 Quo
731 3627 914 3694 facto
941 3627 1028 3694 ad
1054 3628 1510 3715 Telephanen
1535 3629 1889 3695 transiens
1916 3636 2263 3696 memorat
2288 3629 2591 3696 artifices
2624 3631 2991 3718 quosdam,

539 3753 578 3800 e
619 3753 926 3821 quorum
975 3732 1176 3801 libris
1223 3754 1308 3800 ea
1354 3735 1593 3814 omnia
1641 3733 1907 3801 fuerint
1958 3735 2352 3822 desumpta,
2408 3742 2487 3803 ut
2534 3738 2755 3824 ipsius
2789 3737 3000 3805 Plinii

536 3840 753 3907 verba
822 3839 1213 3926 proferam,
1292 3845 1408 3925 qui
1476 3844 1628 3908 haec
1698 3844 2075 3926 condidere,
2164 3843 2361 3910 miris
2434 3864 2598 3910 eum
2671 3845 3014 3913 laudibus.

540 3946 903 4031 extulisse,
983 3947 1467 4014 celeberrimis
1560 3949 1972 4035 aequavisse
2062 3951 2416 4016 statuariis
2512 3958 2643 4017 etc.
2742 3953 3017 4041 pergit-

537 4073 704 4140 que,
746 4053 1147 4120 describere
1211 4074 1314 4138 ea,
1387 4075 1568 4142 quae
1633 4055 2048 4142 interposita
2110 4056 2549 4146 paragrapho
2624 4059 2714 4122 68
2784 4059 3019 4125 inter--

537 4165 848 4246 ruperat.
947 4159 1097 4226 Iam
1145 4158 1322 4227 illud
1393 4165 1508 4246 qui
1551 4163 1706 4228 haec
1776 4165 2117 4229 condidere
2186 4183 2362 4228 num
2432 4162 2623 4229 aliud
2684 4164 3001 4232 indicare

537 4271 768 4354 potest
827 4265 965 4333 nisi
1029 4265 1334 4334 artifices
1398 4268 1742 4355 quosdam
1809 4288 1963 4335 esse
2020 4275 2363 4352 auctoreS,
2422 4290 2461 4336 e
2508 4267 2767 4356 quibus
2816 4291 3013 4358 quae.

539 4373 627 4439 de
691 4373 1044 4440 statuariis
1121 4381 1502 4442 narrantur
1581 4374 2104 4442 manaverunt?
2198 4373 2463 4454 Quodsi
2535 4376 3001 4463 requirimus„
