3550 5075
1641 357 1988 419 -18—

575 533 749 599 dum
797 533 1093 600 Brunnii
1131 532 1358 621 legem
1408 554 1622 620 supra
1669 540 2136 600 memoratam
2172 536 2269 621 (p.
2294 536 2398 619 13,
2420 536 2559 622 sq.)
2594 537 3039 622 apertissime

575 638 1011 727 significatur
1058 640 1225 707 artis
1289 632 1687 726 scriptor'eS,
1767 659 2075 726 quorum
2146 642 2439 707 nomina
2507 642 2616 707 vel
2689 648 2849 708 ante
2922 645 3036 710 vel

573 751 730 831 post
785 746 1104 811 Pasitelis
1175 766 1436 812 nomen
1512 746 1584 811 in
1655 746 2009 813 indicibus
2082 747 2433 834 leguntur,
2521 749 2657 814 nisi
2732 748 3035 815 pasitele

575 850 1055 920 intercedente
1103 871 1248 917 non
1296 872 1448 918 esse
1499 851 1873 919 adhibitos.
1960 852 2065 919 Ita
2113 851 2439 937 efficitur,
2496 854 2686 939 quod
2744 854 3042 922 demon-

579 958 950 1029 strandum
999 958 1202 1024 nobis
1260 956 1889 1045 proposueramus,
1956 959 2409 1026 Pasitelem
2460 962 2727 1028 solum
2776 961 3041 1029 fuisse

577 1064 832 1130 Plinii
881 1071 1304 1131 auctorem
1354 1066 1858 1151 primarium
1907 1066 2467 1147 inartificum
2519 1064 2899 1135 historia.

738 1311 742 1315 ’
796 1312 908 1400 Β).
1008 1295 1157 1380 Iam
1229 1335 1392 1380 vero
1460 1314 1652 1405 sidem
1725 1315 1898 1382 illud
1970 1336 2218 1382 verum
2291 1336 2443 1383 esse
2515 1316 2900 1403 apparebit,
2981 1319 3039 1383 si

578 1418 770 1506 quod
819 1420 952 1485 sibi
1009 1419 1094 1485 de
1145 1420 1414 1513 artibus
1449 1419 1719 1486 Plinius
1769 1421 2194 1487 tradendum
2244 1423 2610 1509 proposuit
2658 1444 2823 1489 cum
2871 1424 3031 1507 illis,

559 1540 762 1613 ,quae
813 1526 1132 1593 Pasitelis
1180 1527 1663 1594 voluminibus
1713 1529 2282 1604 continebantur,
2364 1530 3034 1615 comparaverimus.

579 1633 810 1721 Atque
861 1654 1072 1700 nemo
1123 1635 1298 1718 erit,
1377 1634 1498 1721 qui
1549 1634 1893 1701 infitietur
1962 1635 2318 1720 Plinium,
2392 1657 2555 1702 cum
2628 1636 3042 1703 Naturalem

581 1740 966 1807 Historiam
1017 1741 1383 1823 scriberet,
1441 1741 1646 1811 haud.
1681 1762 1981 1829 semper,
2062 1744 2231 1830 quid
2296 1745 2369 1808 in
2418 1743 2635 1810 libros
2694 1764 2857 1809 suos
2929 1764 3041 1809 re-

581 1848 868 1934 ciperet,
949 1848 1429 1935 praestituisse
1505 1848 1735 1934 (Ross,
1805 1849 2020 1915 Arch.
2068 1850 2402 1939 {Aufsatze
2465 1851 2553 1916 II.
2604 1872 2662 1937 ⁴s.
2726 1851 2855 1914 352
2906 1848 3078 1941 ff·)⁷.

583 1954 729 2037 sed,
787 1954 913 2020 ubi
961 1973 1206 2020 earum
1255 1974 1498 2020 rerum
1548 1955 1634 2020 de
1685 1956 1945 2041 quibus
1995 1963 2177 2022 esset
2224 1957 2599 2045 agendum,
2676 1956 3041 2042 imperitus

582 2067 751 2144 erat,
809 2060 895 2126 ad
945 2060 1193 2145 fonteS,
1282 2062 1403 2147 qui
1453 2062 1587 2127 sibi
1661 2069 2137 2149 suppeterent,
2218 2084 2369 2148 sese
2442 2063 3037 2130 accommodasse.

583 2166 781 2245 Quae
832 2187 996 2232 cum
1044 2167 1141 2233 ita
1189 2168 1357 2250 sint,
1437 2168 1595 2253 quis
1645 2167 1895 2252 Plinio,
1974 2171 2390 2255 praesertim
2442 2190 2605 2235 cum
2655 2170 2901 2253 mulfis
2952 2168 3037 2234 de

583 2275 815 2340 causis
850 2295 890 2339 a
922 2273 1517 2359 contemplatione
1552 2293 1849 2361 operum
1902 2282 2047 2341 arte
2098 2278 2646 2362 conspicuorum
2696 2276 3043 2342 abductus

581 2382 671 2447 sit
720 2381 1058 2469 (XXXVI,
1113 2382 1266 2466 27),
1345 2380 1601 2447 subtile
1673 2381 1759 2447 de
1832 2382 1939 2448 his
2013 2384 2225 2449 rebus
2298 2383 2643 2449 iudicium
2715 2383 2981 2448 tribuat
3006 2383 3041 2446 ἓ)

583 2487 1067 2571 Quamobrem
1095 2486 1271 2554 nibil
1299 2488 1361 2558 ei
1390 2487 1945 2574 relinquebatur,
1992 2490 2128 2556 nisi
2156 2496 2232 2556 ut
2252 2497 2618 2557 auctorem
2646 2494 3037 2577 quaereret,

583 2616 798 2682 quem
846 2597 920 2661 in
969 2595 1454 2662 describendis
1505 2595 1895 2662 artificibus
1946 2604 2383 2684 sequeretur.
2439 2598 2542 2673 Ita
2589 2598 2857 2663 factum
2908 2603 3031 2679 est,

584 2709 680 2787 ut,
738 2723 902 2784 cum
951 2703 1408 2780 nobilium
1477 2722 1774 2788 operum
1847 2703 2163 2791 quinque
2234 2705 2596 2771 volumina
2666 2725 2705 2770 a
2776 2703 3045 2769 Graeco

581 2809 890 2896 quodam
971 2830 1194 2896 eoque
1274 2808 1540 2876 artifice
1641 2811 2247 2895 praestantissimo
2277 2865 2292 2895 ,
2402 2810 2699 2876 Pasitele
2730 2864 2745 2894 ,
2848 2830 3043 2875 com-

582 2917 810 3002 posita
860 2936 1012 2982 esse
1085 2916 1566 3003 cognovisset,
1647 2916 2057 2982 nobiles
2130 2917 2434 2983 artifices
2506 2923 2573 2982 et
2645 2935 2859 3002 opera
2930 2915 3045 2982 de·

581 3023 890 3089 scribere
941 3025 1418 3090 constitueret.
1484 3023 1667 3090 Nam
1719 3025 2161 3110 apertissime
2210 3022 2580 3110 profitetur
2634 3043 2708 3088 se
2758 3023 2829 3088 in
2880 3023 3047 3088 arti-

581 3127 796 3194 ficum
845 3130 1136 3196 historia
1183 3129 1361 3194 nihil
1411 3129 1600 3196 aliud
1651 3130 1786 3196 sibi
1846 3131 2295 3216 proposuisse
2368 3149 2585 3216 quam
2658 3129 3038 3217 insignia

581 3243 651 3301 et
699 3235 934 3322 aliqua
982 3235 1067 3302 de
1107 3256 1330 3300 causa
1385 3242 1622 3301 notata
1685 3234 2090 3322 attingenda
2149 3235 2488 3321 (XXXIV,
2544 3236 2682 3322 37),
2740 3233 3057 3325 artifices>

579 3342 1066 3408 celebratos
1103 3341 1571 3408 nominandos
1607 3341 1839 3428 (ibid.)
1891 3343 2296 3429 insignes
2347 3343 2721 3409 statuarios
2780 3342 3037 3428 raptim

578 3448 1162 3515 transcurrendos
1190 3448 1528 3535 (XXXIV,
1564 3449 1698 3534 53),
1735 3448 2081 3514 celebre
2101 3469 2131 3513 s
2158 3450 2461 3534 pictores
2489 3469 2703 3535 quam
2732 3449 3038 3514 maxima

579 3555 916 3621 brevitate
975 3555 1489 3641 percurrendos
1563 3555 1869 3642 (XXXV,
1926 3557 2063 3642 53),
2142 3556 2669 3622 nobilitates
2741 3576 3036 3641 operum

579 3667 652 3727 et
683 3661 1033 3728 artificum
1084 3663 1227 3729 sive
1260 3663 1334 3728 in
1369 3669 1656 3750 argento
1686 3663 1803 3748 (cf.
1844 3662 2153 3728 indicem
2188 3683 2427 3728 rerum
2464 3662 2624 3728 libri.
2651 3661 3032 3747 XXXIII),

585 3768 730 3833 sive
766 3769 837 3833 in
889 3787 1048 3833 aere
1098 3767 1322 3853 (ib.,l.
1356 3769 1727 3854 XXXIV),
1788 3769 2038 3834 sivein
2086 3771 2392 3856 pictura,
2460 3769 2702 3834 sivein
2750 3768 3083 3854 plastice·

582 3875 738 3959 (ib.,
773 3875 820 3940 l.
859 3874 1195 3960 XXXV),
1231 3876 1376 3940 sive
1426 3876 1497 3940 in
1533 3895 1888 3941 marmore
1938 3876 2089 3961 (ili,
2126 3877 2170 3941 l.
2203 3875 2550 3961 XXXVI.)
2602 3874 3035 3940 indicandas
3113 3873 3122 3883 ’

583 3981 892 4063 Accedit,
949 3981 1138 4068 quod
1173 3982 1524 4048 nobilia
1558 3982 1894 4048 dicuntur
1932 3981 2153 4048 multa
2199 4003 2277 4047 ex
2315 3983 2414 4048 eis
2463 3981 2823 4067 operibus,
2861 4002 3041 4066 quae

575 4087 1080 4155 describuntur
1128 4089 1352 4177 (lahn,
1409 4109 1470 4154 a.
1525 4109 1586 4155 a.
1643 4087 1723 4155 O.
1785 4089 1945 4172 1243
2028 4089 2337 4155 Kekule:
2404 4089 2528 4154 Die
2578 4087 2864 4174 Gruppe
2916 4087 3040 4153 des

579 4193 946 4261 Kunstlers
998 4195 1374 4276 Menelaos,
1431 4193 1498 4260 S.
1543 4197 1676 4279 14).
1757 4197 2208 4282 Quamquam
2258 4197 2431 4262 haec
2481 4195 2533 4260 F
2544 4193 3031 4282 urtvaenglero

580 4322 725 4366 non
772 4303 1053 4387 probari
1102 4322 1244 4368 non
1293 4302 1700 4388 ignoramus
1751 4304 2079 4368 sentienti
2132 4303 2310 4368 lianc
2376 4324 2619 4369 vocem
2688 4301 3035 4367 «nobilis»

579 4406 1004 4475 Germanico
1054 4408 1174 4492 illi,
1235 4408 1673 4493 «beriihmt»,
1731 4409 1921 4496 quod
1970 4411 2382 4496 saepissime
2433 4431 2513 4475 ac
2563 4409 2647 4474 de
2706 4409 3043 4475 omnibus
