3550 5075
1491 374 1937 445 .--17--·

491 551 771 619 XXXV
813 544 1094 635 desunt,
1158 550 1328 637 quid
1363 550 1595 637 Apelli
1630 550 2038 633 Melanthio,
2094 548 2597 637 Asclepiodoio
2638 538 2973 635 Euphra-

493 658 849 744 11011501
899 657 985 723 de
1041 658 1380 745 pictura
1440 656 1868 723 volumina
1928 661 2585 745 composuerunt
2642 653 2950 757 (XXXV

494 764 836 851 79,129),
915 764 1428 851 superesset‘)
1466 760 1604 829 Α11-
1625 762 1885 849 Apelli
1909 764 2303 850 ceterisque
2352 782 2533 849 quae
2574 761 2669 827 de
2725 760 2960 827 caela*

490 870 774 937 toribus
800 859 1306 959 Astatutrii'sque
1363 872 1746 937 'narrantur
1814 869 2393 935 vindicabimus?
2487 868 2579 937 At
2648 888 2739 933 ne
2810 866 2953 953 ipsi

492 978 780 1064 quidem
829 978 902 1043 in
953 976 1335 1044 indicibus·
1357 998 1604 1045 eorum
1664 976 2013 1043 librorum
2086 964 2437 1065 leguntur,
2518 975 2603 1041 de
2664 975 2955 1061 pictura

491 1083 854 1151 volumina
901 1072 1456 1171 composuerunt
1505 1082 1829 1171 (XXXV,
1866 1084 2003 1168 79),
2060 1082 2146 1148 de
2195 1083 2604 1170 symmetria
2650 1088 2718 1148 et
2765 1079 2956 1148 colo-

497 1190 689 1256 ribus
763 1192 1207 1277 ⁴scripserunt
1285 1188 1483 1275 (ibid.
1543 1190 1722 1275 129).
1856 1187 2122 1266 Quodsi
2200 1186 2688 1275 putaverimus
2740 1200 2957 1274 ,quae

491 1296 749 1385 singuli
799 1286 1072 1367 diversa
1119 1297 1704 1385 protuleruntin·
1741 1296 1955 1367 unius
2012 1294 2375 1381 scriptoris
2446 1311 2659 1383 opere
2730 1294 2955 1361 fuisse
3000 1294 3003 1299 ’
3062 1336 3068 1343 -

490 1402 801 1486 collecta,
873 1392 1120 1472 ordine
1191 1403 1549 1489 disposita,
1629 1422 1806 1489 quas
1877 1402 1951 1467 in
2023 1401 2501 1489 complu1.⁵ium
2572 1400 2945 1468 auctorum

488 1507 686 1589 libris
735 1508 1244 1597 discrepantias
1291 1510 1510 1577 fuisse
1559 1528 1849 1575 necesse-
1920 1514 2045 1592 est,
2126 1528 2243 1596 eas
2300 1514 2469 1595 ’5555
2541 1508 2950 1593 explanatas

487 1620 608 1679 aut
655 1614 902 1681 saltem
952 1615 1316 1699 indicataS,
1396 1615 1610 1702 idque
1659 1615 1774 1699 ita,
1856 1621 1934 1681 ut
2004 1614 2213 1681 sciret
2284 1614 2572 1701 quidem
2644 1614 2938 1697 Plinius,

489 1740 838 1807 quosnam
905 1726 1228 1787 auctores
1304 1722 1438 1787 hoc
1509 1741 1714 1806 opus-
1759 1721 2369 1807 complecteretur,
2450 1740 2594 1787 non
2667 1740 2953 1807 semper
3072 1808 3079 1815 ·

491 1834 752 1911 tamen,
819 1828 988 1913 quid
1059 1828 1146 1907 ad
1219 1848 1624 1915 quemque
1619 1814 1895 1895 eorum
1969 1828 2372 1913 pertineret,
2451 1828 2592 1893 iam
2664 1828 2952 1914 penitus
3049 1912 3052 1917 ι

488 1933 782 2001 tolletur
827 1934 1058 2001 01111115
1107 1934 1508 2002 difficultas
1561 1974 1649 1981 —
1697 1933 2021 2021 Denique
2070 1935 2142 1999 in
2192 1935 2319 2001 5115
2366 1933 2706 2020 partibus
2771 1954 2949 2020 quas

493 2046 902 2124 tiactamus,
960 2040 1274 2107 diveisae
1322 2048 1840 2127 nonnunquam
1891 2040 1990 2106 Gi
1993 2061 2199 2107 aecci
2203 2060 2326 2115 um
2375 2046 2745 2107 auctorum
2794 2041 2951 2128 opi—
3052 2122 3055 2126 ¹

491 2146 738 2213 11101155
810 2148 1014 2214 nobis
1087 2154 1469 2215 occurrunt
1540 2147 1893 2233 (XXXIV,-
1936 2149 2067 2231 683
2134 2146 2412 2228 XXXV,
2468 2148 2574 2229 61,
2634 2148 2755 2211 101
2806 2148 2940 2231 bis,

494 2255 640 2337 125,
678 2254 1028 2341 133,137)
1050 2274 1254 2341 quae,
1310 2276 1472 2335 cum
1503 2268 1716 2343 quam
1751 2246 2186 2333 11151155111115
2234 2254 2465 2321 verbis
2514 2252 2939 2338 indicentur,
2982 2302 2984 2305 ι

489 2360 742 2427 meiito
822 2362 1298 2449 suspicionem
1389 2368 1675 2429 movent
1751 2362 1939 2447 ipsas
2019 2362 2092 2429 in
2171 2360 2497 2447 exquisiti
2570 2360 2947 2445 cuiusdam

486 2468 792 2533 auctoris
825 2466 1006 2535 libro
1050 2467 1267 2534 fuisse
1318 2469 1785 2558 consignatas,
1842 2468 1977 2535 His.
2016 2467 2423 2554 probavisse
2475 2467 2650 2532 mihi
2698 2467 2950 2550 videor

487 2573 994 2640 Giaecorum
1068 2575 1576 2661 sciiptorum
1653 2575 1923 2642 libros
1994 2595 2148 2640 non
2234 2575 2460 2660 ipsos
2555 2595 2594 2642 a
2672 2574 2950 2641 Plinio

485 2700 664 2746 5555
713 2682 1170 2768 inspectos„
1229 2683 1370 2752 sed
1419 2683 1514 2750 ab
1567 2703 1725 2750 uno
1777 2681 2128 2770 quodam
2192 2703 2284 2748 ex
2332 2681 2505 2748 11115
2540 2681 2949 2798 collectos

484 2787 556 2851 ei
605 2794 942 2873 praesto
991 2788 1280 2857 fuisse.

694 3035 1078 3123 Reliquum
1105 3037 1227 3122 est,
1263 3047 1360 3120 ut,
1395 3029 1723 3126 quisnam
1750 3038 1963 3104 fuerit
1987 3044 2254 3122 auctor,
2297 3058 2334 3103 a
2362 3056 2501 3123 quo
2531 3043 2937 3104 ceterorum

481 3141 642 3207 libri
691 3144 1019 3230 exscripti
1068 3150 1252 3226 sunt,
1307 3145 1695 3212 videamus
1796 3144 2029 3230 Atque
2078 3145 2163 3226 ei,
2237 3143 2497 3230 quihus
2548 3143 2947 3229 probantur

477 3268 658 3334 quae
691 3269 907 3336 supra
939 3250 1474 3338 disputavimus,
1532 3251 1617 3318 ad
1652 3245 2026 3318 Pasitelem
2070 3252 2204 3317 hoc
2240 3235 2613 3338 colligendi
2664 3269 2935 3316 munus

483 3355 758 3422 deferre
805 3377 950 3424 non
1021 3357 1476 3434 dubitabunt,
1570 3357 2048 3438 Quamobrem
2083 3359 2369 3444 paucis
2453 3357 2686 3423 verb-is
2759 3377 2973 3442 opus-

477 3463 610 3528 erit
671 3462 759 3529 ad
822 3463 995 3530 illud
1069 3463 1724 3556 demonstrandum.
1824 3463 1927 3530 Ac
1976 3465 2288 3550 primum
2349 3463 2638 3550 quidem
2690 3483 2945 3529 recen-

477 3569 795 3636 tissimus
867 3569 1193 3640 omnium
1263 3576 1368 3636 est
1435 3567 1792 3655 PasiteleS,
1839 3569 1940 3634 -.id
2015 3568 2204 3656 quod
2273 3569 2635 3634 Brunnius
2706 3569 2780 3634 in
2852 3589 2937 3636 eo

477 3673 783 3760 auctore,
840 3677 962 3762 qui
1011 3675 1313 3743 aliorum
1363 3663 1789 3763 scriptorum
1840 3675 2386 3742 commentarios
2435 3676 2509 3740 in
2558 3695 2686 3743 500
2750 3675 2939 3742 libro

475 3782 884 3870 complexus
955 3803 1107 3850 esse
1179 3783 1536 3870 putandus
1607 3766 1738 3867 sit,
1819 3781 2171 3848 desiderat
2243 3781 2397 3870 (SB.
2462 3780 2620 3868 312)
2695 3801 2940 3874 neque-

473 3887 756 3956 iniuria.
811 3889 1080 3956 Deinde
1128 3890 1394 3957 nullius
1427 3896 1825 3956 ceterorum
1875 3907 2137 3955 nomen
2184 3880 2441 3975 legitur
2486 3887 2559 3953 in
2609 3889 2933 3954 omnium

456 3995 822 4064 librorum
869 3997 1300 4083 indicibus,·
1341 3998 1415 4063 in
1487 3998 1748 4084 quibus
1788 3994 2173 4062 *artificum
2238 3996 2531 4063 historia
2599 3996 2940 4070 tractatur

472 4103 1254 4194 (XXXIII—XXXVI),
1332 4123 1470 4192 quo
1521 4103 1617 4186 fit,
1697 4109 1911 4169 utne
1977 4102 2333 4169 levissimo
2384 4102 2672 4189 quidem
2722 4101 2939 4168 inodo

470 4211 864 4296 dubitandi,
943 4211 1116 4299 quin
1163 4211 1499 4279 Pasiteles
1563 4213 1653 4277 sit
1723 4212 1783 4277 is
1856 4217 2119 4294 auctor,
2200 4230 2417 4297 quem
2492 4209 2930 4296 quaerimuS,

467 4320 667 4386 locus
718 4317 1182 4404 relinquatur.
1280 4317 1601 4406 Denique
1650 4324 1772 4384 aut
1817 4316 2216 4404 principem
2246 4323 2387 4384 aut
2446 4317 2781 4383 ultimum
2856 4315 2932 4379 in

422 4477 423 4480 η
465 4427 633 4494 artis
659 4409 1083 4512 scriptorum
1109 4445 1407 4492 numero
1432 4425 1670 4492 locum
1697 4430 2038 4511 occupat:
2095 4444 2235 4510 qua
2284 4444 2360 4489 re
2408 4423 2621 4489 etiam
2670 4443 2935 4488 secun-
