3550 5075
1587 306 1961 423 ⁸429-

554 539 770 607 verba
819 560 890 605 m
915 560 955 607 o
981 560 1024 604 x
1070 537 1115 603 d
1149 558 1189 604 o
1217 558 1254 603 c
1282 538 1381 604 eb
1410 538 1430 601 i
1459 540 1605 603 m'u
1633 557 1665 603 s
1711 556 1858 603 non
1894 536 2103 603 modo
2124 534 2415 611 ‚inutilia
2462 544 2715 621 essent,
2764 558 3015 603 verum

553 634 783 725 etiam*
816 651 1042 712 totum
1091 644 1428 711 orationis
1492 649 1899 711 contextum
1975 642 2362 710 turbarent.
2464 642 2839 711 Praeterea
2910 645 3020 711 vir

556 752 827 835 doctus,
884 758 1260 839 postquam
1297 751 1546 816 merito
1589 750 1987 836 suspicatus
2038 756 2142 816 est
2191 751 2278 817 ab
2328 752 2522 817 omni
2571 753 2717 817 veri
2768 750 3020 817 simili-

554 858 802 925 tudine
851 858 1234 924 abhorrere
1285 856 1596 923 Plinium
1645 864 1926 942 praeter
1974 878 2139 923 eum
2190 856 2577 941 auctorem,
2658 878 2871 947 quem
2942 858 3016 924 in

556 964 887 1031 manibus
935 964 1268 1030 habuisse
1315 962 1712 1029 credendus
1761 955 1910 1047 est,'
1944 965 2153 1030 etiam
2190 964 2539 1051 Nepotem
2582 965 2845 1032 'adiisse
2894 972 3018 1032 aut

558 1070 903 1137 indicium
930 1070 1106 1137 illud
1133 1072 1501 1137 occasione
1529 1076 1890 1156 repertum
1917 1071 2302 1137 narrationi
2339 1072 2722 1137 inseruisse
2746 1070 2841 1155 (S.
2874 1074 3007 1156 25),

557 1174 732 1242 il-lud
782 1197 926 1244 non
973 1176 1146 1243 vidit
1191 1175 1344 1243 fieri
1393 1175 1728 1262 potuisse,
1786 1182 1863 1241 ut
1910 1176 2029 1242 illa
2076 1178 2291 1243 verba
2338 1198 2377 1243 a
2411 1177 2683 1265 Nepote
2732 1184 3018 1264 sumpta

564 1284 706 1349 iam
757 1303 839 1350 eo
888 1283 1102 1367 fonte,
1159 1302 1373 1369 quem
1422 1281 1694 1347 Plinius
1743 1282 2131 1368 exscripsit,
2189 1276 2758 1351 continerentur(
2812 1284 3016 1363 Quod

562 1397 640 1456 ut
689 1391 1106 1474 existimem,
1187 1410 1300 1455 me
1351 1388 1637 1455 adducit
1685 1390 2008 1473 eximiUS,
2088 1410 2302 1476 quem
2354 1376 2485 1457 hac
2556 1390 3019 1477 explicatione

561 1497 986 1579 obtinemUS,
1043 1516 1316 1561 sensus,
1371 1494 1556 1562 Nam
1606 1495 1679 1560 in
1725 1495 1789 1581 ἐξ
1826 1496 2087 1559 15-16
2134 1496 2221 1563 de
2268 1497 2585 1583 picturae
2634 1497 2874 1581 initiis,
2932 1496 3021 1563 de

561 1600 1162 1669 monochromatis
1209 1586 1524 1689 picturiS,
1604 1600 1690 1667 de
1739 1601 1989 1687 primis
2038 1602 2447 1689 pictoribus,
2519 1603 2595 1668 in
2641 1604 2703 1689 gg
2752 1604 3017 1669 54-57

562 1708 648 1775 de
698 1715 920 1776 aetate
978 1710 1294 1796 picturae
1367 1707 1482 1791 (cf.
1538 1707 1847 1773 indicem
1897 1707 2348 1785 rerum.libri
2396 1710 2741 1797 XXXV.)
2814 1730 3021 1797 agere

563 1815 836 1881 Plinius
862 1817 936 1882 in
985 1816 1220 1883 animo
1271 1814 1599 1881 hahebat.
1656 1815 1794 1894 Qui
1844 1822 2218 1902 postquam
2269 1837 2352 1897 ex
2400 1836 2481 1882 eo
2532 1816 2745 1900 fonte,
2802 1836 3015 1903 quem

562 1921 1470 2009 adhibebat,·Ecphantum,
1527 1920 1957 2007 quiprimus
2000 1920 2221 1987 lineas
2270 1922 2502 1989 colore
2552 1924 2753 1993 tritae
2801 1930 3022 1991 testae

562 2031 825 2114 inlevit,
881 2030 968 2096 ab
996 2050 1078 2095 eo
1105 2028 1461 2093 diversum
1489 2028 1706 2093 fuisse
1734 2028 2081 2115 cognovit,
2138 2048 2353 2115 quem
2390 2029 2627 2117 Nepos
2662 2030 3018 2111 Damarati

563 2140 895 2207 comitem
959 2136 1176 2202 fuisse
1245 2134 1671 2219 tradiderat,
1751 2155 1919 2201 cum
1990 2136 2059 2200 id
2130 2157 2377 2202 verum
2450 2158 2603 2204 esse
2674 2120 3023 2205 iudicaret

564 2266 796 2333 neque
843 2252 1082 2310 tamen
1138 2242 1438 2329 probare
1507 2247 1763 2328 posset,
1844 2243 1980 2307 nisi.
2052 2243 2175 2309 ubi
2246 2242 2331 2309 de
2402 2245 2719 2330 picturae
2792 2250 3019 2311 aetate

564 2360 820 2442 ageret,
889 2350 976 2416 ad
1024 2351 1054 2437 g
1101 2352 1188 2414 55
1256 2348 1498 2415 verbis⁴
1561 2369 1769 2414 mox
1840 2348 2426 2417 docebimus
2496 2372 2647 2417 rem
2719 2351 3011 2422 distulit.

473 2532 478 2535 ¹
565 2457 833 2525 Deinde
881 2457 968 2523 'ad
1018 2456 1508 2544 antiquitatem
1557 2456 1999 2542 picturarum
2049 2457 2123 2521 in
2195 2456 2395 2523 Italia
2465 2458 2815 2525 transiens
2878 2459 3017 2544 (cf.·

564 2565 871 2645 indicem
932 2583 1171 2630 rerum
1242 2563 1456 2629 huius
1527 2556 1742 2647 libri),
1824 2584 1988 2629 cum
2059 2564 2347 2630 vidisset
2416 2565 2580 2631 inde
2643 2567 2794 2632 iam
2867 2573 3022 2632 tum

565 2677 1060 2760 argumentum
1114 2668 1350 2736 afferri
1398 2689 1605 2755 posse
1639 2669 1720 2735 ad
1755 2670 2204 2756 probandum
2254 2670 2822 2758 ‚duo-Ecphantos
2870 2693 3024 2740 esse

565 2779 1118 2868 distinguendOS,
1175 2777 1332 2843 dico
1359 2777 1676 2864 picturae
1726 2798 1766 2844 a
1791 2777 1837 2843 h
1866 2799 1897 2842 s
1921 2798 1959 2843 o
1988 2777 2082 2844 l'u
2110 2779 2184 2844 ti
2212 2799 2250 2844 o
2279 2800 2324 2844 n
2352 2799 2390 2845 e
2418 2800 2488 2844 m
2524 2781 2661 2862 (56)
2712 2781 2785 2846 in
2819 2777 3025 2846 Italia

570 2893 730 2953 ante
780 2887 1031 2953 urbem
1081 2883 1473 2967 conditam,
1554 2884 2127 2951 coniunctionem
2199 2885 2555 2972 quandam
2626 2887 2655 2974 g
2707 2889 2789 2951 16
2860 2907 3025 2953 cum

571 2994 990 3079 insequente
1039 2992 1069 3077 ξ
1120 2992 1202 3054 17
1251 2989 1596 3076 particula
1645 3011 1682 3055 e
1711 3010 1754 3056 n
1794 2991 1913 3056 im
1966 2992 2289 3058 instituit.
2389 2991 2721 3077 Accedit,
2810 2993 3019 3080 quod,

567 3097 1196 3198 Furtvaenglerum
1243 3097 1302 3162 si
1351 3089 1756 3183 sequimur,
1835 3097 2000 3164 talia
2049 3098 2253 3164 nobis
2326 3106 2493 3165 sunt
2562 3097 3017 3185 admittenda,

568 3226 748 3293 quae
796 3207 1052 3292 partim
1101 3205 1396 3270 minime
1446 3204 1592 3270 veri
1643 3204 1902 3270 similia
1936 3211 2135 3288 sunt,
2212 3207 2471 3292 partim
2520 3205 2805 3292 probari
2877 3227 3023 3274 non

569 3319 907 3399 possunt:
985 3311 1331 3398 Nepotem
1403 3332 1443 3378 a
1513 3311 1741 3377 Plinio
1816 3311 2181 3378 emendari
2252 3312 2322 3395 (l.
2379 3310 2425 3377 l.
2481 3314 2618 3398 27),
2704 3313 3027 3400 picturae

569 3420 934 3487 historiam
983 3419 1180 3486 libris
1228 3419 1314 3484 de
1363 3418 1530 3485 viris
1578 3415 1972 3485 illustribus
2031 3440 2183 3486 esse
2256 3419 2590 3486 insertam
2644 3419 2716 3502 (l.
2771 3420 2818 3486 l.
2874 3406 3012 3504 29'),

571 3526 759 3614 quod
809 3547 849 3592 a
893 3546 1058 3593 vero
1108 3526 1352 3592 abesse
1399 3545 1690 3612 prorsus
1739 3521 2377 3592 demonstravimus
2427 3527 2524 3612 (p.
2562 3528 2650 3590 20
2698 3525 2861 3614 sq.).
2938 3565 3029 3573 ——

568 3634 906 3700 Varronis
978 3652 1130 3700 esse
1200 3634 1230 3719 ἕ
1305 3633 1432 3698 154
1493 3633 1820 3699 ultimam
1884 3639 2156 3718 partem
2228 3631 2399 3726 inde„
2464 3654 2503 3699 a
2572 3634 2787 3700 verbo
2869 3639 3023 3700 ante

570 3744 740 3808 hanc
785 3744 1021 3826 aedem,
1077 3742 1140 3827 §g
1191 3743 1338 3804 155-
1364 3742 1540 3806 ψ--156
1591 3761 1839 3807 omnes
1886 3739 2219 3806 fatentur.

785 3881 874 3948 In
921 3881 1101 3949 libro
1147 3881 1498 3948 XXXVI.
1553 3881 1882 3949 videntur
1928 3881 1989 3968 ἕξ
2038 3882 2259 3946 9-14
2307 3883 2395 3949 ad
2442 3884 2838 3949 Varronem
2874 3901 3028 3948 esse

572 3988 980 4055 referendae
1007 3988 1171 4077 (vgl.
1205 3987 1520 4054 Urlichs:
1553 3987 1680 4054 Die
1707 3985 2029 4076 Ansange
2082 3988 2208 4054 der
2234 3989 2724 4077 griechischen
2759 3989 3028 4054 Kunst-

574 4094 698 4180 ler,
746 4093 1182 4184 Programm,
1235 4093 1639 4182 Wiirzburg
1676 4095 1869 4178 1871,
1930 4096 2161 4178 5138,
2219 4095 2272 4161 F
2280 4094 2747 4184 urtwaengler
2795 4095 2863 4161 S.
2896 4095 3027 4179 603

579 4201 886 4289 Brieger,
941 4200 1011 4268 S.
1051 4201 1135 4265 67
1186 4199 1320 4288 sf.).
1419 4239 1508 4248 —-
1601 4201 1785 4266 Item
1857 4202 1887 4287 ἓ
1938 4201 2019 4264 17
2091 4201 2438 4268 iudicium
2508 4202 2593 4268 de
2642 4201 3035 4289 Agoracriti

575 4308 854 4374 Venere
901 4306 1254 4394 prolatum
1302 4307 1642 4374 Varronis
1709 4314 1834 4392 est,
1915 4328 2059 4374 non
2131 4315 2372 4374 tamen
2444 4314 2676 4375 cetera
2745 4307 2831 4373 de
2902 4308 3076 4374 hoc·

501 4463 503 4465 .
569 4411 840 4480 artifice
890 4414 1161 4482 tradita.
1216 4413 1402 4483 Nam
1451 4435 1614 4480 cum
1665 4421 1939 4482 certum
1988 4416 2077 4481 sit
2132 4415 2573 4505 Antigonum
2634 4416 2720 4484 de
2770 4416 3038 4505 Agora-
