3550 5075
474 557 690 624 rebus
737 557 1132 641 adhibetur,
1190 559 1638 645 respondere.
1723 560 2035 627 Proinde
2075 581 2155 628 ac
2204 562 2262 628 si
2310 560 2591 650 linguae
2640 561 2933 629 Latinae

476 665 673 731 nulla
721 664 856 731 alia
901 685 1034 731 vox
1082 671 1427 753 suppetat,
1499 687 1639 753 qua
1687 667 2194 735 Germanicum
2266 667 2441 734 illud
2515 668 2929 736 «beruhmt»

468 772 775 857 exprimi
822 772 1086 857 possit!
1173 810 1254 819 --
1337 772 1468 838 Hic
1517 773 1889 859 paululum
1940 775 2365 841 commorari
2415 774 2641 859 liceat,
2720 780 2801 841 ut
2846 774 2932 841 de

475 877 628 944 loco
677 877 996 943 nondum
1045 874 1212 944 satis
1255 876 1644 966 explanato,
1701 879 1871 966 quid
1922 880 2096 945 mihi
2144 880 2483 964 videatur,
2539 880 2925 967 proferam.

467 982 662 1063 Quid
741 985 873 1051 sibi
951 984 1169 1051 velint
1249 986 1458 1052 verba
1527 989 1782 1070 reliqua
1849 970 2272 1054 multitudine
2331 990 2582 1073 passim
2644 990 2935 1072 dispersa

353 1166 361 1174 ι
466 1091 838 1177 (XXXIV,
916 1092 1074 1179 53),
1149 1093 1382 1179 primo
1443 1099 1750 1186 aspectu·
1795 1113 1941 1160 non
2010 1093 2253 1180 liquet.
2355 1093 2559 1172 Quod
2630 1094 2766 1161 nis'i
2838 1096 2937 1161 ita

466 1204 699 1282 esset,
801 1218 945 1264 non
1037 1198 1223 1284 apud
1295 1198 1693 1267 Strackium
1788 1198 1892 1286 (C.
1968 1199 2045 1265 P.
2123 1199 2191 1265 S.
2272 1198 2924 1289 Naturgeschichte,

475 1304 737 1370 Dritter
798 1304 1035 1389 Theil,
1093 1304 1162 1371 S.
1215 1305 1376 1391 411)
1455 1306 1794 1372 translata
1872 1326 1954 1371 ea
2032 1307 2166 1377 1100
2246 1306 2455 1373 100ᾰο
2537 1307 2931 1395 legeremus

415 1411 740 1477 ··«wobei
819 1412 934 1477 ich
982 1432 1118 1477 von
1167 1411 1292 1477 der
1363 1411 1661 1499 iibrigen
1719 1432 2009 1500 grosseti
2078 1412 2243 1478 Zahl
2316 1413 2500 1479 noch
2572 1412 2926 1481 einzelnes

462 1517 1306 1584 einstreuenwerde.»
1384 1516 1756 1605 Perpensis
1814 1525 2051 1585 autem
2104 1538 2285 1605 quae
2337 1519 2544 1586 modo
2611 1519 2933 1606 disputa-

467 1626 720 1709 vimus,
749 1624 1055 1691 dubitari
1074 1646 1218 1693 non
1245 1611 1490 1712 potest,
1515 1626 1692 1713 ¹quin
1719 1626 1793 1691 in
1820 1626 2173 1693 statuariis
2200 1626 2684 1693 describendis
2712 1626 2931 1693 huius

467 1731 782 1818 reliquae
808 1731 1282 1799 multitudinis
1317 1732 1606 1801 omnino
1657 1732 1853 1798 nulla
1901 1730 2022 1798 fiat
2070 1732 2359 1799 mentio.
2417 1731 2680 1799 Omnes
2730 1735 2924 1801 enim

462 1837 772 1905 artifices
821 1839 1200 1926 omniaque
1249 1859 1482 1926 opera,
1549 1839 1670 1926 qui
1719 1840 1793 1903 in
1859 1838 1996 1905 illis
2046 1838 2133 1905 N.
2190 1838 2276 1904 H.
2333 1837 2681 1925 capitibus
2744 1846 2933 1907 trac-

471 1950 728 2029 tantur,
807 1966 896 2011 ne
945 1946 1045 2011 eis
1109 1944 1397 2032 quidem
1469 1946 1776 2032 exceptis
1806 1998 1821 2029 ,
1886 1946 2011 2031 qui
2086 1948 2285 2011 obiter
2318 1952 2422 2011 ·et
2491 1949 2567 2012 in
2640 1948 2929 2013 aliorum

466 2055 792 2119 mentione
860 2051 1266 2118 referuntur
1312 2034 1618 2139 (XXXV,
1695 2052 1809 2138 53)
1881 2051 1989 2117 vel
2062 2070 2367 2138 quorum
2439 2050 2635 2117 nulla
2706 2072 2922 2139 opera

463 2165 956 2225 memorantur
1003 2158 1343 2245 (XXXIV,
1396 2159 1548 2245 85),
1628 2160 1701 2223 10
1749 2158 2209 2225 nobilibus
2258 2165 2425 2224 sunt
2471 2158 2917 2225 numerandi.

461 2264 664 2344 Quae
729 2286 912 2331 cum.
963 2267 1282 2337 1103030
1352 2266 1688 2351 habeant,
1769 2266 2184 2354 significavit
2254 2264 2525 2331 Plinius
2598 2266 2720 2351 eis,
2799 2266 2921 2352 qui

468 2370 685 2438 libros
735 2392 900 2439 suos
946 2379 1184 2439 essent
1229 2371 1500 2456 lecturi,
1579 2372 1762 2440 hanc
1812 2372 2158 2458 reliquam
2221 2369 2748 2437 multitudinem
2784 2436 2790 2443 ,
2823 2372 2927 2437 013

469 2498 614 2546 non
663 2479 1029 2562 contineri,
1087 2478 1209 2545 sed
1257 2498 1410 2545 esse
1458 2479 1722 2566 passim
1771 2477 2189 2572 dispersam.

683 2730 887 2796 Sectio
935 2731 1034 2796 II.
1131 2728 1490 2796 Hactenus
1541 2729 1748 2794 certis
1799 2729 2234 2816 argumentis
2283 2719 2929 2795 demonstravimus

461 2834 839 2901 Pasitelem
889 2835 1119 2901 solum
1169 2833 1384 2900 fuisse
1427 2823 1654 2928 Plinio
1705 2841 2067 2901 auctorem
2116 2836 2560 2921 primarium.
2617 2834 2767 2900 Hoc
2820 2833 2929 2899 vel

468 2941 630 3007 inde
680 2939 1004 3025 efficitur,
1082 2941 1270 3028 quod
1319 2941 1597 3007 duobus
1668 2941 1959 3028 reliquis
2032 2942 2461 3020 auctoribuS‚
2541 2941 2661 3028 qui
2711 2940 2797 3034 ad
2848 2940 2921 3004 id

467 3054 746 3134 tempus
774 3048 1096 3134 exquisiti
1133 3048 1361 3115 fontes
1393 3048 1603 3113 Plinii
1639 3049 1712 3114 in
1747 3048 1847 3114 eis
1882 3048 2220 3134 partibuS,
2278 3069 2452 3135 quas
2501 3053 2911 3130 tractamuS,

463 3154 685 3221 habiti
713 3160 896 3236 sunt,
931 3153 1182 3242 Nepoti
1213 3159 1334 3220 aut
1355 3155 1679 3237 Varroni,
1737 3161 1856 3220 aut
1890 3154 2066 3220 nihil
2102 3161 2221 3220 aut
2268 3169 2495 3240 pauca
2536 3153 2909 3220 debentur.

680 3261 934 3347 Nepoti
973 3261 1285 3346 Heynius
1333 3262 1607 3347 primus
1655 3253 2121 3348 praecipuum
2170 3260 2407 3327 locum
2456 3262 2641 3326 inter
2688 3260 2926 3326 fontes

459 3366 820 3434 artificum
891 3368 1222 3433 historiae
1301 3368 1547 3434 tribuit
1627 3367 1758 3454 (cf.
1839 3387 2075 3454 supra,
2154 3388 2221 3454 p.
2301 3367 2408 3454 3).
2513 3367 2676 3433 Post
2756 3387 2925 3432 eum

468 3476 829 3542 Brunnius
888 3475 1308 3560 comparatis
1386 3477 1568 3540 inter
1645 3495 1719 3541 se
1799 3474 2113 3560 NepotiS,
2201 3476 2321 3561 qui
2378 3474 2679 3560 dicitur,
2764 3473 2925 3539 vitis

465 3584 782 3648 virorum
833 3581 1208 3647 illustrium
1264 3587 1332 3647 et
1379 3582 1479 3646 eis
1513 3581 1600 3647 N.
1643 3581 1729 3646 H.
1771 3581 2139 3666 capitibuS,
2182 3581 2268 3646 de
2311 3581 2570 3667 quibus
2619 3580 2915 3668 agimUS,

467 3709 636 3754 cum
686 3688 1175 3775 cognationem
1225 3686 1533 3774 aliquam
1611 3688 1686 3752 in
1744 3687 2114 3772 utriusque
2194 3687 2554 3772 scriptoris
2644 3683 2924 3751 dicendi
3030 3683 3033 3686 ’

473 3814 726 3883 genere
761 3793 1204 3880 perspexisse·
1232 3793 1363 3858 sibi
1399 3793 1588 3858 visus
1607 3798 1827 3896 esset,
1884 3812 1968 3857 ex
2014 3791 2151 3858 illis
2200 3793 2358 3858 vitis
2407 3792 2481 3856 in
2529 3793 2657 3857 hos
2705 3791 2923 3857 libros

469 3900 803 3968 :translata
869 3919 1020 3966 esse
1093 3903 1194 3983 ea,
1275 3918 1454 3986 quae
1525 3898 1612 3964 ad
1683 3899 2049 3986 ingenium
2122 3918 2498 3984 moresque
2570 3895 2923 3964 artificum

472 4009 924 4095 pertinerent,
981 4007 1302 4073 coniecit.
1355 4085 1358 4089 ¹
1401 4005 1562 4073 Non
1611 4005 1788 4072 tanti
1836 4011 1940 4070 est
1986 4025 2107 4072 eos
2154 4005 2367 4089 10003,
2425 4025 2601 4092 quos
2662 4004 2913 4088 attulit,

466 4114 717 4182 ordine
744 4113 1170 4200 perlustrare
1201 4118 1408 4198 atque
1437 4117 1762 4193 statuere,
1822 4110 1990 4197 quid
2034 4111 2106 4176 in
2156 4112 2257 4176 eis
2306 4111 2395 4176 sit
2442 4110 2693 4193 simile,
2750 4110 2921 4196 quid

466 4220 858 4286 dissimile:
936 4238 1075 4305 qua
1123 4219 1194 4282 in
1243 4239 1318 4283 re
1369 4218 1516 4304 ipse
1569 4217 1852 4283 videtur
1921 4217 2182 4282 veritus
2255 4235 2429 4300 esse,
2508 4237 2597 4282 ne
2672 4215 2922 4282 simili-

361 4315 369 4320 *
473 4327 795 4394 tudinem
824 4326 1131 4413 aliquam
1159 4326 1233 4390 in
1281 4324 1382 4390 eis
1429 4325 1600 4412 10013
1649 4324 1879 4389 100330
1928 4323 2057 4388 viri
2102 4323 2290 4396 docti
2343 4328 2699 4411 negarent,
2758 4343 2923 4388 cum

429 4430 745 4514 diceret·
785 4433 1248 4519 praecipuum
1298 4431 1607 4498 fructum
1659 4431 1812 4496 eius
1884 4431 2451 4517 comparationis,
2528 4449 2743 4516 quam
2815 4430 2925 4494 in-
