3550 5075
1682 352 1771 363 ....
1819 316 1905 379 27
1950 354 2039 362 .-

547 510 566 530 ·
631 496 714 543 ea
761 476 1190 563 symmetria,
1247 475 1451 541 cuius
1485 474 2183 561 Polycletumcprope
2232 481 2590 561 expertem
2640 475 2857 541 fuisse
2905 474 3095 541 iudi-

631 583 939 649 candum
967 589 1092 667 est,
1136 603 1281 649 non
1316 581 1490 647 illud
1525 581 1959 669 quadrata
1993 588 2071 649 et
2101 602 2384 668 paene
2420 582 2514 649 ad
2564 581 3081 669 exemplum.

627 689 814 756 Nam
863 710 1007 756 non
1056 695 1180 773 est,
1239 709 1366 754 cur
1411 694 1745 775 putemus
1795 708 2041 755 vocem
2090 688 2626 775 quadratus,
2692 708 2873 775 quae
2922 688 2953 775 ᾗ
3001 690 3087 753 65

627 798 887 863 iterum
935 780 1211 883 legitur,
1289 796 1503 861 etiam
1565 794 1653 861 ad
1699 793 2053 861 Varonem
2126 815 2279 861 esse
2350 794 2840 878 revocandam,
2920 815 3084 861 cum

628 902 807 969 nihil
855 903 1104 987 obstet,
1183 902 1566 989 quominus
1637 908 1706 967 et
1752 900 1972 968 Varro
2047 902 2398 969 Graecum
2459 901 2632 968 illud
2702 900 3091 991 τετράγωνος

628 1030 712 1075 ex
759 1030 902 1077 uno
951 1009 1166 1093 fonte,
1223 1014 1292 1074 et
1339 1008 1610 1078 Plinius
1660 1027 1743 1073 ex
1794 1007 2033 1093 alter0,
2100 1008 2308 1075 ambo
2358 1008 2653 1075 fortasse
2702 1029 2785 1073 ex
2833 1008 3081 1075 eodem
3144 1089 3151 1095 ¹

627 1116 926 1184 Pasitele
959 1118 1032 1182 in
1067 1116 1391 1183 Latinum
1447 1098 1959 1203 quadratus'
1991 1115 2485 1182 converterint.
2540 1114 2853 1199 Accedit,
2895 1114 3083 1201 quod

625 1226 701 1289 in
779 1224 1079 1311 Lysippo
1159 1244 1290 1290 vox
1384 1223 1834 1309 symmetriae
1927 1225 2252 1290 Latinum
2340 1246 2581 1291 nomen
2671 1246 2813 1289 non
2902 1224 3089 1289 habet

627 1329 993 1414 (XXXIV,
1074 1330 1215 1418 65).
1327 1328 1557 1411 Quam
1632 1348 1873 1394 vocem
1948 1327 2165 1393 semel
2238 1327 2627 1395 adhibitam
2698 1330 2845 1413 (58)
2918 1348 3082 1393 cum

627 1436 901 1504 Plinius
951 1436 1189 1503 minus
1238 1435 1569 1522 probaret
1616 1440 1826 1521 atque
1896 1434 1971 1500 in
2020 1434 2350 1500 Latinum
2422 1434 2848 1503 vocabulum
2921 1454 3090 1501 con·

623 1549 895 1611 vertere
943 1542 1186 1609 volens
1234 1562 1378 1607 non
1425 1541 1796 1625 inveniret,
1875 1560 2057 1627 quae
2107 1541 2274 1607 huic
2324 1541 2804 1627 responderet,
2870 1540 3087 1627 idque

620 1649 984 1733 indicaret,
1061 1648 1414 1715 Graecum
1485 1646 1750 1713 librum
1824 1647 2275 1733 exscripsisse
2340 1646 2697 1733 putandus
2745 1652 2871 1713 est.
2972 1647 3076 1713 Ita

620 1758 812 1823 enim
860 1757 1036 1823 haec
1084 1757 1319 1841 verba,
1376 1775 1558 1843 quae
1592 1754 2079 1821 Oehmicheno
2129 1754 2456 1845 maximis
2506 1754 2852 1841 impedita
2900 1752 3117 1820 diffi-.

619 1863 998 1931 cultatihus
1044 1862 1514 1953 videnturlffi.
1572 1862 1755 1945 179),
1820 1860 2026 1927 facile
2100 1860 2435 1947 explicari
2482 1867 2801 1947 possunt.
2897 1861 3085 1935 ,Huic

618 1977 856 2037 autem
906 1970 992 2037 de
1027 1970 1326 2057 Lysippo
1376 1968 1647 2056 prolato
1695 1968 1959 2035 iudicio
2010 1988 2174 2033 cum
2225 1967 2486 2047 iudicia
2534 1967 2621 2033 de
2670 1967 2961 2054 Myrone
3010 1964 3086 2034 et

614 2076 1006 2165 Pythagora
1053 2076 1418 2143 enuntiata
1475 2076 1837 2162 aptissime
1908 2075 2351 2157 cohaereant,
2414 2073 2607 2140 haec
2678 2094 2962 2161 quoque
3039 2094 3081 2141 a

617 2184 884 2251 Graeco
912 2189 1219 2267 auctore,
1253 2181 1628 2249 Pasitelem
1655 2181 1835 2265 dice,
1870 2180 2287 2267 deprompta
2320 2200 2473 2246 esse
2524 2180 3075 2247 existimandum

508 2305 516 2314 “
615 2297 740 2357 est.
795 2290 1160 2357 Postremo
1195 2310 1359 2355 cum
1407 2290 1763 2376 pictorum
1798 2287 2182 2355 illustrium
2217 2286 2499 2371 iudicia,
2558 2288 2795 2374 qualia
2844 2288 3081 2354 multa

571 2403 780 2464 ·sunt
827 2396 1161 2485 (XXXV,
1217 2396 1324 2479 60,
1381 2397 1488 2480 67,
1546 2396 1651 2475 76,
1712 2396 1817 2478 79,
1873 2395 1980 2479 98,
2040 2396 2189 2478 123,
2259 2394 2440 2482 128),
2522 2415 2687 2460 cum
2760 2396 2906 2479 eiS,
2988 2394 3079 2461 de

613 2504 872 2592 quibus
907 2504 1155 2592 agitur,
1213 2502 1704 2592 cognationem
1740 2500 2099 2588 quandam
2149 2500 2410 2569 habere
2445 2501 2901 2568 manifestum
2958 2503 3065 2587 sit,

611 2611 731 2678 illa
781 2617 1016 2678 autem
1061 2631 1100 2676 a
1162 2609 1462 2677 Pasitele
1533 2616 1685 2676 orta
1754 2629 1908 2676 esse
1979 2616 2250 2676 constet
2322 2609 2439 2696 (cf.
2492 2610 2801 2696 priorem
2852 2610 3068 2676 huius

563 2717 1106 2806 ·disputationis
1153 2716 1480 2804 partem),
1560 2715 1748 2782 idem
1810 2715 1895 2781 de
1968 2717 2114 2801 eiS,
2196 2736 2377 2802 quae
2451 2697 2839 2783 tractamus
2872 2771 2887 2800 ,
2968 2725 3078 2784 est

605 2823 1011 2892 dicendum.

781 2931 864 3005 In
934 2929 1116 2996 libro
1187 2930 1526 3014 XXXV.,
1606 2930 1663 2996 si
1735 2929 2277 3018 Bambergensis
2349 2929 2611 2997 codicis
2683 2930 3062 2996 lectionem

605 3057 878 3104 annae
927 3057 1092 3103 cum
1142 3035 1451 3103 Prellero
1501 3037 1574 3101 in
1623 3035 1983 3120 Dianae,
2064 3057 2279 3123 quam
2351 3037 2729 3103 lectionem
2800 3035 3081 3102 Detlef—.

605 3164 818 3210 senus
866 3147 937 3209 in
965 3143 1053 3210 N.
1087 3141 1174 3208 H.
1207 3143 1294 3208 ab
1344 3143 1494 3228 ipso
1544 3142 1729 3208 edita
1783 3143 2048 3234 recepit
2094 3143 2255 3228 (94),-
2313 3144 2845 3227 mutaverimus,
2888 3143 3061 3228 quin

604 3245 800 3338 quae'
834 3249 920 3315 de
970 3249 1274 3316 Hercule
1323 3269 1566 3314 averso
1614 3248 1994 3315 traduntur
2040 3248 2323 3315 Pasiteli
2386 3249 2818 3333 tribuamuS,
2884 3249 3060 3314 nihil

604 3359 756 3440 erit,
835 3356 1023 3443 quod
1097 3357 1324 3423 obstet
1373 3355 1533 3443 (vgl.
1588 3355 2133 3443 Furtivaengler,
2194 3355 2262 3422 S.
2316 3358 2452 3438 48).
2553 3356 2653 3421 De
2727 3356 3063 3442 operibus

603 3469 840 3530 autem
890 3463 962 3528 in
1007 3461 1439 3529 Concordiae
1485 3461 1749 3548 templo
1800 3461 2155 3530 collocatis
2204 3463 2575 3546 (XXXIV,
2635 3463 2737 3546 73,
2798 3445 2901 3539 77,
2940 3464 3049 3545 80,

600 3569 710 3653 89,
766 3570 896 3652 9Ο;
949 3568 1258 3650 XXXV,
1315 3569 1421 3648 66,
1481 3569 1629 3652 131,
1688 3569 1849 3650 144)
1899 3568 2528 3657 Furtvaenglerum
2589 3589 2848 3655 sequor
2895 3589 3060 3634 sen—

600 3673 891 3741 tientem
919 3675 1017 3760 (S.
1046 3674 1134 3738 43
1140 3674 1425 3762 ,Anm.)
1453 3674 1629 3740 nihil
1658 3675 2023 3761 impedire,
2060 3677 2442 3763 quominus
2476 3675 2609 3741 hoc
2644 3674 3045 3758 delubrum,

599 3781 1015 3867 priusquam
1066 3785 1171 3846 est
1219 3802 1257 3846 a
1306 3781 1586 3847 Tiberio
1635 3787 2074 3864 renovatum,
2154 3783 2322 3848 artis
2394 3802 2608 3868 opera
2678 3781 3051 3848 habuerit:

599 3905 755 3972 quo
766 3885 864 3971 fit,
921 3892 998 3952 ut
1024 3887 1388 3974 signorum
1415 3886 1907 3953 tabularumve
1935 3888 2031 3954 ihi
2071 3886 2573 3955 collocatorum
2620 3889 3053 3954 mentionem

477 4029 486 4038 ·
599 4013 639 4058 a
686 3992 983 4060 Pasitele
1033 3999 1257 4061 orftim
1309 4014 1460 4059 esse
1510 4014 1646 4082 neg
1650 4015 1768 4060 ire
1820 4015 1962 4060 non
2011 3994 2387 4094 possimus.

811 4099 892 4165 In
941 4098 1121 4166 libro
1155 4100 1504 4164 XXXVI.
1539 4120 1720 4186 quae
1769 4099 1857 4166 de
1906 4099 2248 4167 Praxitele
2297 4101 2673 4167 traduntur
2719 4103 3051 4183 (ΞΟ-22)

595 4203 901 4290 Pasiteli,
979 4225 1122 4271 non
1199 4204 1524 4272 Muciano
1597 4206 1770 4294 (vgl.
1829 4207 2381 4295 Furtwaengler,
2452 4207 2667 4294 531.)
2739 4207 3044 4273 vindico.

599 4311 1048 4399 Quamquam
1098 4311 1263 4378 talia
1312 4333 1358 4410 a*
1398 4313 1724 4398 pluribus
1798 4315 2205 4381 auctoribus
2278 4322 2559 4382 narrata
2622 4336 2774 4381 esse
2846 4314 3051 4380 facile

595 4418 930 4488 concedo.
