3550 5075
1589 364 1901 427 ..9-

509 555 736 642 plebis
797 555 1151 641 exemplo·
1191 549 1595 645 ἀποξυόμενον
1667 558 2044 647 flagitantis
2116 556 2457 643 (XXXIV,
2524 559 2643 642 62)
2716 556 2976 643 proba—

509 663 688 727 visse
737 660 871 739 sibi
919 662 1110 728 visus
1159 669 1285 729 est.
1362 662 1498 730 sed
1547 662 1794 730 fefellit
1841 664 2129 731 doctum
2176 664 2410 731 virum
2459 664 2675 730 unius
2726 662 2975 728 eximii

506 769 764 857 signia
803 768 1126 857 Lysipp0,
1183 772 1787 857 praestantissimo
1838 771 2127 859 artifice,
2184 770 2508 855 confecti,
2565 768 2757 857 quod
2808 774 2974 837 ante

507 874 847 941 Thermas
896 874 1207 942 dicatum
1266 879 1589 943 omnium
1663 878 1767 943 vel
1840 879 2446 965 praetereuntium
2518 877 2627 943 vel
2698 878 2975 942 introe-

509 982 790 1047 untium
840 981 1081 1047 oculos
1131 982 1204 1047 in
1255 1002 1328 1048 se
1399 983 1871 1068 convertebat,
1959 985 2172 1051 unius
2243 985 2457 1073 igitur
2525 982 2717 1050 illius
2790 982 2971 1070 signi

508 1087 860 1153 Graecum
909 1108 1173 1155 nomen
1245 1091 1542 1155 minime
1621 1090 1885 1155 mirum
1959 1110 2134 1174 esse,
2212 1092 2271 1156 si
2344 1081 2545 1177 plebs
2618 1091 2963 1176 Romana,

508 1194 953 1260 insolitarum
988 1215 1227 1261 rerum
1265 1196 1485 1279 avida,
1543 1196 1693 1262 eius
1729 1196 1909 1284 signi
1954 1203 2241 1285 aspectu
2286 1198 2525 1265 nescio
2575 1219 2715 1285 quo
2765 1205 2971 1285 pacto

508 1299 850 1366 delectata
907 1303 1252 1367 memoria
1305 1303 1676 1369 retinuerit
1731 1323 1812 1368 ac
1870 1301 2075 1391 vulgo
2125 1304 2613 1389 usurpaverit3
2670 1304 2971 1371 eandem

504 1406 1268 1495 re·liquorum1operum
1297 1409 1566 1475 Graeca
1592 1410 1885 1475 nomina
1912 1430 2053 1476 non
2087 1410 2299 1476 modo
2334 1430 2476 1477 non
2526 1411 2599 1475 in
2632 1418 2970 1499 promptu

391 1567 397 1575 .
453 1524 460 1531 ’
500 1514 855 1596 habuisse,
890 1534 1137 1602 verum
1169 1516 1403 1599 etiam,
1439 1536 1528 1581 ne
1555 1536 1730 1582 num
1759 1522 1993 1581 essent
2035 1515 2347 1603 quidem,
2405 1519 2847 1604 cognovisse.
2885 1556 2975 1565 -—

500 1618 1026 1707 Epigrammata
1073 1641 1358 1708 quoque
1394 1621 1665 1687 Graeca
1701 1622 1977 1706 (Latina
2012 1622 2361 1710 quaedam
2389 1621 2697 1689 Domitio
2735 1624 2972 1691 Marso

501 1725 895 1793 Urlichsius
967 1728 1157 1793 haud
1229 1729 1587 1797 immerito
1627 1729 1933 1815 tribuit,
2012 1728 2163 1809 QR.
2217 1750 2286 1816 p.
2345 1731 2451 1794 11.
2505 1730 2630 1815 f.),
2708 1730 2973 1817 quibus

495 1832 685 1901 haud
734 1854 960 1921 pauca
1008 1834 1458 1902 laudatorum
1545 1856 1840 1923 operum
1914 1836 2384 1920 illustrantur,
2464 1836 2743 1904 silentio
2821 1858 2966 1904 non

493 1947 660 2006 sunt
708 1942 1245 2027 praetereunda.
1301 1942 1552 2029 Neque
1606 1949 1846 2009 tamen
1896 1944 1969 2010 in
2019 1944 2121 2009 eis
2168 1944 2674 2009 enumerandis
2733 1944 2972 2010 mora-

497 2046 756 2132 bimur,
814 2068 977 2114 cum
1013 2049 1434 2135 iampridem
1470 2050 1759 2116 Iahnius
1809 2050 2157 2132 (Berichte
2206 2050 2386 2116 iiber
2432 2050 2545 2116 die
2592 2050 2968 2117 Verhand-

497 2151 759 2242 lungen
823 2154 950 2220 der
1005 2155 1358 2243 koniglich
1426 2157 1878 2223 sachsischen
1938 2156 2403 2223 Gesellsc'haft
2465 2157 2591 2223 der
2637 2157 2970 2223 Wissen-

492 2259 814 2326 sebasten
861 2261 1294 2350 zu‘Leipzig,‚
1374 2262 2304 2351 Philologisch-historische
2354 2263 2639 2330 Classe:
2722 2264 2965 2330 Ueber

491 2366 608 2432 die
642 2366 1176 2434 Kunsturtheile
1226 2368 1339 2435 bei
1384 2368 1677 2454 Plinius,
1735 2371 2014 2436 zweiter
2059 2369 2259 2435 Band
2310 2371 2502 2454 1850,
2559 2370 2628 2436 S.
2686 2372 2841 2453 118)
2895 2378 2963 2437 et

493 2472 964 2540 Benndorfius
1039 2474 1165 2558 (De
1223 2475 1687 2565 Anthologiae
1761 2474 2070 2543 Graecae
2143 2476 2699 2565 epigranmiatiS,
2780 2497 2963 2564 quae

491 2579 582 2645 ad
631 2587 815 2646 artes
863 2589 1202 2667 spectant,
1259 2582 1556 2669 Lipsiae,
1602 2585 1795 2667 1862,
1835 2605 1905 2670 p.
1945 2585 2055 2666 52)
2102 2584 2239 2652 hoc
2286 2585 2715 2650 curaverint.
2772 2584 2961 2650 Illud

494 2706 657 2753 vero
731 2687 1171 2754 monendum
1245 2709 1400 2755 esse
1473 2709 1849 2756 censemus
1929 2711 2073 2757 non
2161 2691 2397 2776 ipsum
2484 2690 2796 2756 Plinium
2880 2711 2963 2758 ea

493 2793 855 2880 collegisse
916 2814 1198 2882 «neque
1249 2815 1286 2860 e
1336 2795 1640 2862 diversis
1703 2803 2075 2882 poetarum
2132 2796 2561 2864 editionibus
2619 2817 2864 2884 neque
2926 2817 3007 2862 e.

495 2905 728 2965 «vasta
775 2899 1109 2990 Meleagri.
1160 2881 1444 2987 corona,
1507 2923 1669 2969 cum
1721 2904 1887 2990 quia
1936 2903 2090 2969 aliis
2139 2903 2764 2990 disquisitionibus
2815 2910 2967 2969 erat

495 3003 872 3072 «intentus
919 3013 988 3072 et
1035 3007 1122 3073 de
1171 3006 1525 3074 artificum
1586 3010 1898 3096 artisque
1946 3009 2240 3075 historia
2308 3010 2567 3096 raptim
2644 3013 2955 3088 aeturus,

497 3136 531 3171 «
567 3117 722 3178 tum
756 3113 924 3199 quia
956 3113 1248 3200 reliquis
1281 3115 1596 3182 fontibus
1648 3117 1719 3181 in
1769 3116 2125 3182 indicibus
2173 3116 2546 3204 diligenter
2594 3115 2963 3182 recensitis

435 3208 438 3211 ’
495 3243 530 3280 «
561 3218 783 3286 solam
834 3218 1165 3309 Meleagri
1215 3242 1550 3289 coronam
1616 3224 1873 3288 misere
1922 3243 2066 3290 non
2100 3223 2560 3312 neglexisset»
2614 3222 2729 3304 (cf.
2784 3221 2965 3288 Ben-

493 3324 823 3411 domium,
881 3326 928 3392 l.
984 3327 1028 3393 l.
1083 3349 1151 3414 p.
1209 3330 1342 3410 57).
1952 3316 1955 3320 ’
2906 3355 2911 3358 ·

714 3541 887 3622 Iam,
972 3548 1049 3608 ut
1096 3541 1212 3608 ad‘
1256 3542 1558 3609 alterum
1631 3543 1843 3630 idque
1914 3544 2378 3630 praecipuum
2454 3543 2669 3608 huius
2743 3541 2961 3628 partis

497 3654 998 3736 argumentum
1033 3651 1421 3734 veniamus,
1480 3651 1857 3717 statuimus
1902 3671 2066 3716 cum
2114 3671 2200 3716 ex
2248 3651 2399 3736 ipso
2450 3649 2721 3716 Graeco
2769 3647 2962 3714 fonte

495 3750 732 3841 aliquo
781 3754 1066 3823 fluxisse
1101 3758 1604 3844 statuariorum
1639 3757 1949 3824 indicem
1984 3756 2564 3845 chronologicum
2610 3754 2951 3838 (XXXIV,

493 3860 821 3949 49—52)‚
885 3867 1039 3927 tum
1089 3882 1173 3928 ex
1222 3863 1472 3930 eodem
1524 3865 1921 3930 manavisse
1968 3864 2318 3950 reliquam
2377 3860 2737 3928 artificum
2802 3859 2965 3926 des-

493 3968 938 4055 criptionem.
1023 3968 1139 4036 Ac'
1175 3971 1488 4056 primum
1539 3970 1809 4038 Graeco
1856 3970 2055 4055 sonti,
2110 3971 2234 4057 qui
2282 3970 2433 4055 ipse
2483 3974 2591 4034 est
2641 3989 2681 4033 a
2730 3967 2959 4033 Plinio

496 4076 907 4162 exscriptus,
987 4077 1489 4143 statuariorum
1555 4077 1763 4144 index
1834 4077 2153 4144 debetur.
2254 4075 2460 4156 Quod
2530 4083 2610 4141 ut
2678 4068 2984 4140 facilius*

496 4182 995 4268 percipiamUS‚
1052 4202 1217 4249 eum
1266 4183 1526 4268 locum,
1583 4185 1658 4249 in
1707 4204 1847 4273 quo
1895 4189 2040 4250 tota
2079 4183 2359 4249 videtur
2404 4181 2534 4248 niti
2584 4200 2966 4268 argumen-

495 4287 686 4371 tatio,
744 4286 966 4355 oculis
1001 4289 1350 4355 subiicere
1399 4289 1614 4356 libet:
1667 4294 1897 4358 Maior
1930 4314 2096 4376 pars
2141 4314 2364 4357 eorum
2397 4289 2734 4376 (quorum
2773 4287 2964 4352 circa

497 4413 616 4459 aes
649 4393 1096 4461 Corinthium
1131 4395 1500 4462 adfectatio
1535 4395 1728 4479 furit>
1774 4400 2087 4464 simulare
2134 4419 2275 4463 eam
2320 4397 2659 4463 scientiam
2708 4396 2967 4462 videtur
