3550 5075
1584 296 1975 389 :42ssss-

563 508 1069 591 argumentum
1118 523 1246 589 pro
1295 502 1516 570 nihilo
1567 502 1847 587 ducam,
1907 500 2078 588 quid
2126 499 2591 587 prohibuerit,
2646 500 3031 587 quominus

563 610 625 674 is
675 608 897 694 locUS,
956 609 1078 675 ubi
1129 629 1344 695 opera
1391 609 1511 675 illa
1559 609 1821 675 servari
1872 606 2310 691 dicebantur,
2367 607 2439 671 in
2466 606 2785 673 Pasitelis
2831 605 3033 672 volu-

563 714 883 781 minibus
931 714 1282 781 indicatus
1331 736 1371 781 a
1421 713 1647 781 Plinio
1699 713 2243 795 exscriberetur,
2300 732 2443 781 non
2489 711 2716 779 video,

795 840 944 906 Iam
996 839 1498 906 statuariorum
1549 838 1859 905 indicem
1913 836 2287 920 (XXXIV,
2340 836 2633 919 49—52)
2669 856 2708 902 a
2742 824 3031 903 Graecis

573 948 988 1015 auctoribus
1045 946 1443 1033 profectum
1517 966 1670 1013 esse
1736 966 1951 1032 supra
2022 943 2663 1009 demonstravimus
2744 946 2839 1029 (p.
2898 944 3031 1024 10).

569 1053 708 1135 Qui
761 1074 928 1121 cum
957 1053 1186 1120 Plinio
1221 1054 1357 1119 nisi
1390 1074 1519 1140 per
1551 1051 1926 1119 Pasitelem
1978 1070 2120 1116 non
2172 1050 2313 1115 sint
2360 1049 2639 1138 cogniti,
2682 1040 3023 1136 sequitur,

563 1167 646 1228 ut
691 1160 779 1227 ad
827 1161 1020 1227 hunc
1054 1160 1471 1246 scriptorem
1519 1158 1955 1225 revocandae
2005 1158 2145 1223 sint
2193 1162 2454 1222 aetates
2504 1157 2576 1221 in
2626 1155 2857 1222 indice
2906 1155 3025 1221 illo

564 1268 870 1357 relatae:
949 1266 1138 1332 unde
1189 1274 1479 1354 apparet
1527 1266 1869 1332 erravisse
1917 1264 2105 1330 viros
2155 1263 2418 1347 doctOS,
2498 1282 2661 1328 cum
2720 1283 2811 1343 ex,
2874 1263 3028 1349 ipso

563 1374 996 1461 Apollodoro
1070 1374 1466 1439 manavisse
1539 1378 1801 1439 aetates
1871 1370 2027 1437 illas
2114 1370 2599 1437 existimarent
2668 1368 2783 1453 (cf.
2861 1389 3029 1434 cum

564 1480 762 1564 alios„
820 1486 973 1545 tum
1024 1478 1676 1567 Furtvaenglerum,
1732 1499 1801 1565 p.
1862 1479 1965 1562 19,
2024 1480 2208 1565 sqq).

779 1604 998 1670 Paulo
1027 1602 1383 1669 difficilior
1408 1609 1512 1669 est
1545 1603 1863 1690 quaestio
1894 1602 1980 1669 de
2007 1602 2309 1686 iudiciiS,
2367 1621 2547 1687 quae
2596 1599 2681 1665 de
2708 1596 3025 1683 Phidiae,

562 1711 924 1805 Polycleti,
968 1710 1304 1795 MyroniS,
1359 1708 1817 1797 Pythagorae,
1874 1709 2178 1796 Lysippi·
2213 1706 2527 1774 artificiis
2576 1706 3038 1794 proferuntur

563 1820 701 1904 (54,
756 1817 864 1901 55,
921 1818 1028 1900 58,
1083 1818 1190 1900 59,
1248 1817 1386 1902 65).
1489 1815 1686 1894 Quae
1735 1816 2129 1904 generatim
2178 1815 2515 1881 dicuntur
2561 1820 2628 1879 et
2705 1814 2889 1879 inter
2955 1832 3031 1878 se

563 1924 944 1992 cohaerere
993 1928 1061 1988 et
1121 1942 1160 1987 a
1206 1921 1544 2006 Varrone,
1625 1923 1887 2009 quippe
1959 1923 2080 2009 qui
2153 1920 2562 1988 nominetur
2631 1922 2809 2007 (56),
2876 1938 3031 1985 esse

563 2028 900 2117 profecta.
948 2043 964 2087 .'
1001 2028 1137 2094 Sed
1187 2028 1328 2094 iam
1376 2028 1750 2116 Briegerus
1801 2028 2021 2094 haec:
2098 2030 2379 2095 Phidias
2411 2082 2629 2093 .....
2695 2030 3039 2095 iudicatur

567 2144 630 2203 et
671 2139 1034 2221 Polycletus
1087 2188 1472 2201 ......
1536 2143 1612 2203 ut
1656 2138 1937 2202 Phidias
1984 2138 2313 2220 aperuisse
2360 2155 2522 2201 cum
2574 2134 2825 2203 ceteris
2888 2152 3031 2198 non

566 2242 966 2309 necessario
1019 2242 1398 2308 cohaerere
1447 2242 1724 2307 monuit
1772 2241 1845 2324 (l.
1878 2241 1923 2306 1.
1958 2261 2026 2328 p.
2059 2236 2171 2324 43>
2223 2241 2435 2328 idque
2486 2248 2697 2307 recte.
2798 2238 3036 2304 Huius

563 2350 882 2437 opinioni
929 2348 1522 2437 Furtvaenglerus
1571 2350 1953 2431 assentitur
2005 2347 2095 2434 (a.
2129 2368 2190 2413 a.
2225 2347 2305 2414 Ο.
2340 2347 2408 2414 S.
2442 2348 2579 2433 69).
2678 2345 3029 2433 Equidem

564 2456 652 2523 ad
699 2458 838 2523 hoc
882 2456 1096 2535 velim
1146 2457 1467 2522 animum
1519 2455 1884 2522 advertas:
1964 2456 2037 2523 in
2089 2455 2189 2521 eis
2238 2454 2530 2521 Phidiae
2580 2460 2648 2519 et
2695 2450 3029 2537 Polycleti

559 2564 862 2648 iudiciis,
920 2584 1102 2651 quae
1152 2563 1362 2630 modo
1411 2583 1452 2629 a
1499 2564 1751 2629 ceteris
1804 2563 2278 2646 seiunximuS,
2350 2582 2515 2627 voce
2570 2559 3034 2642 toreutices

561 2690 643 2737 ea
693 2671 933 2737 omnia
983 2669 1511 2756 comprehendi,
1569 2690 1749 2756 quae
1800 2667 1887 2735 ad
1938 2669 2352 2735 statuariam
2387 2668 2762 2754 pertinent,
2815 2685 3031 2752 quam

560 2769 784 2844 artem
834 2783 1274 2844 memoratur
1323 2778 1480 2864 quis
1540 2777 1917 2865 aperuerit,
2000 2777 2159 2864 quis
2234 2774 2878 2855 consummaverit3
2955 2773 3029 2837 in

558 2883 854 2972 reliquis
901 2905 1067 2951 vero
1095 2881 1330 2971 partes
1378 2890 1655 2954 tantum
1702 2884 1860 2949 eius
1910 2884 2079 2950 artis
2134 2882 2461 2967 describi,
2518 2881 2674 2946 dico
2724 2898 3039 2966 symme-

565 2992 769 3058 triam
819 2997 888 3057 et
936 2992 1265 3078 argutiaS,
1323 2997 1401 3056 ut
1450 2990 1659 3057 Plinii
1707 2989 1923 3056 verbo
1975 2986 2155 3072 utar,
2212 2988 2428 3074 idque
2478 2987 2595 3071 ita,
2654 2991 2750 3070 ut,
2816 3003 3031 3070 quem

559 3098 647 3164 ad
698 3098 993 3165 modum
1068 3097 1408 3184 paulatim
1477 3099 1618 3164 sint
1687 3095 2027 3181 excultae,
2096 3095 2546 3182 intellegatur
2603 3091 2764 3180 2vgl.
2821 3083 3037 3156 Furt—

557 3204 929 3292 vvaengler,
985 3205 1117 3287 69).
1205 3203 1402 3284 Quae
1452 3222 1616 3269 cum
1665 3203 1761 3269 ita
1812 3221 1963 3269 sese
2018 3201 2281 3267 habere
2329 3199 2629 3283 videam,
2687 3197 3019 3280 adducor,

558 3318 638 3378 ut
697 3313 1094 3378 existimem
1169 3311 1308 3377 duo
1382 3310 1812 3376 iudiciorum
1884 3307 2175 3374 illorum
2247 3327 2503 3396 genera
2563 3325 2714 3372 esse
2786 3303 3029 3370 distin-

559 3418 870 3506 guenda:
905 3438 1131 3484 unum
1158 3417 1452 3483 Phidiae
1479 3415 1957 3502 Polycletique
1987 3415 2241 3480 merita
2266 3414 2339 3479 in
2366 3413 2775 3479 statuariam
2804 3416 3028 3477 artem

559 3523 1062 3612 complectenS,
1107 3524 1410 3590 alterum
1444 3523 1875 3606 describenS,
1906 3595 1911 3599 ,
1938 3541 2287 3608 quosnam
2323 3519 2655 3606 symetria
2680 3517 3037 3606 argutiae-

558 3650 698 3716 que
777 3651 1192 3718 progressus
1270 3650 1396 3716 per
1467 3627 1901 3716 Polycletum
1930 3681 1945 3711 ,
2032 3625 2399 3718 Myronem
2429 3679 2444 3710 ,
2530 3625 3018 3712 Pythagoram,

559 3737 945 3825 Lysippum
995 3735 1315 3802 fecerint.
1416 3732 1776 3821 Quidquid
1835 3729 2080 3800 autem
2154 3740 2278 3817 est,
2356 3733 2641 3820 neganti
2710 3729 3032 3796 Brunnio

559 3842 711 3924 (ΞΒ.
767 3843 836 3910 S.
892 3844 1054 3924 314)
1105 3863 1143 3909 e
1193 3842 1508 3910 Varrone
1555 3841 1869 3928 profecta
1924 3861 2079 3906 esse
2137 3840 2400 3906 iudicia
2470 3838 2607 3923 illa,
2688 3839 2745 3903 si
2814 3835 3067 3922 verba,

557 3953 886 4032 quadrata
938 4004 950 4016 .
1020 4004 1032 4016 .
1103 4004 1115 4016 .
1185 4003 1197 4014 .
1259 4003 1272 4015 .
1333 4002 1346 4015 .
1401 3951 1757 4032 exemplum
1805 3946 1959 4036 (56)
2018 3946 2345 4033 excipiaS,
2424 3945 2788 4012 assentior.
2889 3942 3027 4008 Fac

555 4057 751 4120 enim
787 4077 869 4122 ex
919 4075 1060 4123 uno
1115 4051 1508 4141 eodemque
1555 4054 1748 4121 fonte
1799 4053 2095 4120 fluxisse
2144 4052 2265 4117 illa
2309 4052 2525 4118 verba
2573 4057 2640 4118 et
2688 4071 2789 4135 ea,
2846 4036 3079 4135 quae'

555 4161 642 4226 de
693 4161 982 4248 Myrone
1035 4161 1389 4246 dicuntur,
1475 4161 1550 4225 in
1631 4159 2121 4246 symmetria
2192 4157 2722 4246 diligentior
2790 4162 2868 4220 et
2937 4154 3027 4218 in

552 4273 753 4333 arte
800 4288 1007 4334 num
1034 4289 1178 4334 ero
1200 4268 1401 4351 sior,
1443 4267 1506 4332 ei
1535 4266 2011 4352 symmetriae,
2057 4266 2132 4331 in
2160 4285 2300 4352 qua
2326 4263 2573 4350 Myron
2599 4252 3019 4350 diligentior,

551 4373 905 4460 Lysippus
955 4374 1540 4464 diligentissimus
1587 4372 1806 4439 fuis-se
1852 4371 2183 4456 traditur,
2263 4369 2689 4457 respondere
2738 4367 3031 4434 deberet
