3550 5075
1579 362 1935 423 —30-

523 538 702 603 crito
752 538 978 627 egisse
1027 536 1185 627 (vgl.
1217 536 2211 621 Wilamowitz-Moellendorf,
2268 558 2329 605 a.
2372 557 2433 603 a.
2476 535 2557 603 Ο.
2598 535 2666 603 S.
2704 536 2836 622 10),
2893 534 2979 601 de

521 645 905 729 praestanti
951 644 1535 730 praestantissimi
1583 642 1875 711 Phidiae
1926 642 2256 730 discipuli
2328 644 2525 731 signo
2600 640 2994 714 Pasitelem,

521 750 792 837 aliq-uid
825 750 1297 837 exscripsisse,
1354 751 1784 838 exscriptum
1818 748 2130 816 Plinium
2180 752 2253 816 in
2302 770 2513 827 suum
2563 769 2773 815 usum
2809 768 2980 814 oon-

521 857 811 925 vertisse
858 858 1007 923 veri
1055 858 1283 924 simile
1332 864 1458 923 est.
1512 897 1600 905 —
1647 856 1969 943 Denique
2018 877 2199 944 quae
2247 858 2395 943 §39
2446 855 2609 923 inde
2658 876 2697 921 a
2744 854 2977 920 verbis

515 964 745 1029 sitae
794 963 1039 1029 fuere
1093 1018 1107 1029 .
1146 1018 1159 1029 .
1197 1018 1261 1029 ..
1317 963 1405 1030 ad
1458 964 1664 1030 verba
1711 964 1857 1051 §41
1910 970 2216 1030 auctor
2264 969 2398 1029 est
2445 961 2531 1028 ad
2578 962 2977 1027 Varronem

518 1070 912 1137 revocanda
961 1091 1130 1141 esse
1157 1072 1612 1139 manifestum
1663 1078 1793 1138 est.

727 1245 1078 1327 Apionis
1128 1257 1294 1316 sunt
1340 1272 1520 1337 quae
1569 1250 1871 1316 XXXV.
1926 1249 2087 1316 libri
2156 1249 2186 1335 ξ
2255 1250 2343 1312 88
2415 1204 2577 1314 inde
2648 1268 2689 1313 a
2752 1212 2967 1314 verbo

428 1446 438 1461 Ι
514 1357 846 1441 Imayines
896 1354 1249 1444 leguntur.
1299 1444 1302 1447 ἦ

725 1514 835 1579 Ad
881 1513 1252 1580 Plinium
1300 1518 1534 1603 ipsum
1583 1517 1939 1602 pertinere
1989 1516 2316 1585 videntur
2372 1535 2474 1599 ea,
2531 1534 2711 1601 quae
2761 1513 2971 1579 uncis

509 1620 974 1688 inclusimus:
1027 1624 1370 1706 XXXIV,
1411 1625 1520 1706 57,
1561 1627 1909 1709 Myronem
1953 1625 2325 1690 nobilitavit
2369 1623 2601 1689 bacula
2648 1622 2972 1701 celebratis

504 1726 792 1795 versibus
841 1732 1112 1797 laudata
1161 1730 1451 1817 [quando
1485 1733 1699 1797 alieno
1722 1734 2021 1815 plerique
2066 1732 2309 1796 iudicio
2356 1732 2561 1817 mayis
2608 1750 2801 1811 qaam
2848 1750 2967 1793 suo

505 1837 1071 1923 commendantur]
1091 1860 1112 1919 ;
1179 1840 1351 1921 ibid„
1409 1843 1520 1920 55,
1569 1840 1878 1923 Polycleti
1941 1889 1953 1901 .
2005 1890 2018 1904 .
2070 1888 2082 1900 .
2133 1890 2146 1903 .
2201 1890 2213 1903 .
2277 1888 2289 1900 .
2350 1890 2363 1903 .
2428 1837 2965 1921 astrayalieontes

511 1941 698 2028 [siml
739 1946 817 2011 in
863 1947 1274 2029 imperatoris
1329 1948 1464 2012 Titi
1511 1944 1709 2032 atrio]
1729 1968 1750 2027 ,·
1822 1944 1992 2010 ibid.
2046 1945 2155 2031 84,
2238 1944 2478 2031 [Atque
2521 1942 2598 2008 ece
2667 1942 2964 2007 omnibus

503 2098 783 2117 ......
833 2050 1210 2138 disposita];
1286 2051 1594 2134 XXXV,
1664 2052 1773 2135 83,
1840 2053 2085 2135 Apellis
2131 2052 2633 2135 Protoyenisque
2682 2099 2695 2113 .
2748 2099 2762 2113 .
2816 2098 2829 2112 .
2882 2099 2896 2113 .
2949 2098 2963 2111 .

503 2156 895 2223 delineatam
930 2158 1214 2223 tabulam
1263 2154 1735 2243 [conswmptam
1771 2160 1999 2241 priore
2045 2158 2347 2223 incendio
2394 2156 2691 2222 Caesaris
2738 2156 2965 2219 domus

507 2262 732 2349 audio]
759 2286 781 2347 ,·
829 2262 1000 2329 ibid.
1054 2264 1084 2349 ξ
1137 2264 1308 2345 118;
1363 2262 1705 2346 XXXVI,
1762 2264 1850 2327 27
1901 2262 2176 2349 [Romae
2209 2265 2463 2345 quidem
2506 2311 2518 2323 .
2571 2314 2585 2327 .
2636 2311 2648 2323 .
2695 2262 2964 2346 diynam

501 2368 764 2456 fama],·
833 2370 980 2436 ibid
1028 2371 1332 2453 37-38,
1413 2369 1741 2456 [similiter
1791 2423 1804 2437 .
1858 2424 1871 2436 .
1924 2423 1938 2436 .
1990 2423 2004 2437 .
2054 2369 2360 2455 Rhodiij,
2434 2367 2595 2456 (vgl.
2652 2366 2954 2449 Urlichs,

502 2472 776 2543 Chrest.
833 2476 1042 2562 Plin„
1099 2477 1168 2544 S.
1223 2477 1410 2566 387).

717 2635 1031 2702 Deculo
1103 2638 1332 2724 prodit
1393 2639 1726 2722 (XXXV,
1785 2639 1893 2720 70)
1944 2637 2298 2704 Parrhasii
2362 2634 2848 2722 Archigallum
2922 2653 2963 2698 a

500 2743 787 2809 Tiberio
838 2745 1161 2809 amatum‘
1204 2745 1276 2809 in
1311 2745 1464 2810 eius
1499 2744 1829 2810 cubiculo
1879 2744 2095 2810 fuisse
2146 2743 2527 2810 inclusum.

723 2915 832 2986 Ad
882 2927 1298 3005 extremum,
1377 2943 1466 2988 ne
1517 2923 1845 2989 omisisse
1918 2922 2306 3009 quidquam
2377 2921 2763 2995 videamus,
2843 2939 2962 2986 eos

510 3029 700 3094 locos
750 3027 1135 3116 affei‘iini1S,
1214 3030 1334 3116 qui
1385 3051 1473 3096 ne
1523 3031 1932 3096 coniectura
1980 3029 2269 3116 quidem
2324 3027 2694 3115 probabili,
2774 3024 2963 3092 unde

510 3135 972 3217 manaverint,
1030 3137 1208 3201 seire
1257 3137 1640 3223 potuimus
1742 3136 2063 3202 Primum
2122 3136 2409 3223 quidem
2481 3132 2965 3201 enumeranda

511 3247 676 3308 sunt
724 3242 891 3307 artis
941 3262 1173 3328 opera,
1231 3261 1410 3328 quae
1464 3243 1532 3306 in
1582 3241 1921 3308 aedificiis
1970 3249 2124 3329 post
2170 3241 2545 3307 Pasitelem
2594 3237 2965 3306 exstructis
3073 3323 3077 3326 ἡ

504 3354 710 3416 erant
759 3347 1118 3414 collocata.
1219 3347 1299 3413 In
1350 3349 1450 3413 eis
1499 3357 1736 3416 autem
1788 3349 2121 3436 operibus
2181 3370 2262 3414 ea
2332 3349 2643 3436 primum
2718 3347 2967 3414 distin-

511 3454 789 3543 guenda
847 3455 1194 3537 videntur,
1276 3475 1581 3542 quorum
1631 3457 1831 3523 loci
1904 3463 2201 3540 tantum,
2282 3455 2404 3522 ubi
2477 3455 2957 3537 servabantur,

513 3561 698 3630 unde
726 3561 997 3627 Plinius
1032 3561 1354 3628 notitiam
1383 3563 1715 3647 hauserit,
1751 3563 2115 3650 ignoratur
2146 3584 2158 3627 :
2214 3560 2402 3627 velut
2435 3560 2681 3646 templi
2716 3560 2964 3626 Pacis

513 3670 586 3734 in
635 3687 774 3755 quo
847 3674 1049 3733 erant
1096 3667 1488 3734 Timanthis
1559 3669 1767 3735 heros
1840 3670 2170 3752 (XXXV,
2229 3670 2344 3752 74)
2416 3674 2484 3733 et
2553 3667 2964 3754 Protogenis

515 3775 777 3862 Ialysus
849 3775 1074 3862 (ibid,
1133 3777 1314 3859 107),
1372 3776 1834 3862 Philippi
1907 3777 2375 3862 porticus
2447 3780 2538 3841 et
2608 3773 2964 3839 Martis

516 3881 910 3948 Ultoris
970 3883 1236 3968 templi,
1324 3904 1630 3970 quorum
1709 3883 1929 3949 altera
2005 3882 2259 3948 Theori
2330 3881 2598 3948 bellum
2663 3880 2966 3946 Iliacum

511 3988 933 4072 (ibid.,144),
991 3987 1289 4054 alterum
1340 3988 1605 4074 Apellis
1652 3989 2010 4054 Venerem
2061 3989 2429 4074 (ibid.,99)
2480 3995 2550 4055 et
2596 3987 2964 4053 Praxitelis

511 4095 931 4182 Cupidinem
980 4095 1332 4177 XXXVI,
1391 4098 1503 4177 22)
1555 4095 1985 4162 continebat.
2050 4135 2132 4143 —-
2207 4095 2307 4160 De
2357 4095 2511 4160 aliis
2560 4114 2703 4160 non
2752 4089 2961 4159 modo

469 4185 662 4267 ¹eius
711 4202 867 4286 loci,
947 4202 1066 4268 ubi
1117 4202 1584 4288 ponebantur,
1664 4209 1913 4268 verum
1964 4203 2175 4268 etiam
2234 4203 2457 4289 ipsius
2507 4202 2738 4287 operis
2811 4221 2969 4286 cog-

511 4309 849 4374 nitionem
902 4329 937 4373 e
1010 4328 1148 4395 quo
1219 4309 1409 4375 fonte
1482 4308 1752 4374 Plinius
1826 4309 2207 4394 sumpserit
2279 4309 2683 4373 nescimus:
2768 4306 2963 4371 velut

517 4413 771 4501 [legiae
823 4417 1109 4481 Castoris
1141 4423 1200 4482 et
1229 4417 1508 4482 Pollucis
1550 4435 1589 4480 a
1616 4421 1781 4482 nte
1831 4435 1869 4480 a
1896 4436 1933 4481 e
1960 4415 2002 4479 d
2032 4436 2167 4480 em
2218 4416 2253 4478 I
2281 4435 2319 4481 o
2348 4436 2387 4481 v
2416 4415 2495 4480 is
2544 4421 2627 4481 to
2658 4414 2966 4481 nantis
