3550 5075
1605 343 2010 413 -12—-.

686 604 689 611 Ε
765 515 898 581 Hic
949 517 1386 583 monendum
1434 524 1604 605 puto
1680 539 1816 603 me,
1888 539 2053 586 cum
2102 518 2461 606 pleraque,
2540 540 2685 586 non
2734 520 3013 601 omnia,·

544 641 730 709 quae
779 622 865 689 de
932 623 1319 690 artificibus
1389 626 1788 709 traduntur,
1870 626 2157 693 Graecis
2230 626 2690 713 scriptoribus
2761 626 3003 693 deberi

543 748 764 815 supra
811 730 1153 815 dicerem,
1217 732 1292 797 in
1341 734 1578 801 animo
1627 732 1962 800 habuisse
2012 733 2356 800 nonnulla
2404 734 2748 819 excipere,
2820 752 3001 821 quae

505 836 839 903 ‘omnino
889 857 1032 904 non
1080 846 1380 925 possunt
1426 860 1510 907 ex
1581 860 1829 907 eorum
1902 840 2101 907 libris
2158 839 2481 924 fluxisse,
2560 840 2750 905 velut
2820 860 3003 927 quae

547 941 633 1007 ad
706 942 1194 1009 Romanorum
1266 944 1775 1031 imperatorum
1846 954 2168 1035 tempora
2238 947 2636 1033 pertinent,
2732 946 2839 1011 vel
2912 946 2999 1012 ad

547 1068 780 1134 opera,
837 1070 1017 1135 quae
1065 1051 1140 1115 in
1174 1052 1456 1137 templis
1488 1048 1646 1139 post
1681 1053 1990 1120 Graecos
2037 1054 2193 1120 illos
2242 1060 2564 1120 auctores
2614 1052 2997 1119 aedificatis

539 1154 880 1222 dicuntur
926 1176 1078 1223 esse
1129 1158 1487 1225 collocata.
1543 1160 1734 1227 Haec
1769 1161 2040 1227 Plinius
2075 1182 2113 1227 e
2146 1161 2487 1227 Romanis
2537 1160 2999 1247 scriptoribus

519 1260 845 1328 'inseruit
893 1264 1014 1347 eiS,
1073 1284 1252 1351 quae
1303 1286 1343 1330 a
1391 1265 1679 1332 Graecis
1729 1268 2097 1353 exscripsit
2144 1267 2257 1351 (cf.
2312 1266 2424 1349 ΙΙ).

759 1440 1095 1527 Sequitur
1141 1442 1360 1509 altera
1409 1446 1749 1530 quaestio,
1825 1446 1974 1531 ipsa
2033 1466 2315 1532 quoque
2386 1444 2775 1533 gravissimi
2848 1465 3002 1511 mo-

541 1548 784 1630 menti,
841 1569 1055 1634 quam
1092 1551 1148 1615 si
1183 1552 1572 1639 contigerit,
1630 1559 1707 1619 ut
1741 1552 1829 1618 ad
1862 1554 2129 1619 exitum
2180 1552 2673 1638 perducamUS,
2714 1551 2991 1618 facilius

456 1691 460 1695 -
535 1644 883 1719 eruentur
930 1675 1110 1741 quae
1145 1656 1231 1725 ad
1268 1658 1576 1745 reliquos
1625 1658 1855 1725 sontes
1904 1666 2068 1725 sunt
2116 1659 2529 1741 revocanda,
2588 1658 2993 1725 uberrimus

541 1760 615 1824 in
665 1778 822 1825 eam
871 1760 1318 1848 disciplinam
1367 1764 1641 1831 fructus
1689 1764 2147 1849 redundabit,
2228 1786 2368 1851 qua
2442 1771 2755 1831 veterum
2829 1764 2998 1831 arti-

548 1864 764 1932 ficum
821 1888 1002 1953 quae
1037 1876 1420 1954 supersunt
1477 1890 1694 1958 opera
1741 1877 2155 1937 tractantur.
2212 1870 2407 1949 Quae
2457 1872 2556 1960 sic
2606 1891 2679 1936 se
2728 1871 2985 1937 habet:

541 1972 1047 2040 Graecorum
1098 1970 1538 2043 auctorum
1589 1978 1881 2060 libros,
1962 1999 2169 2064 quae
2242 1977 2674 2044 artificum
2747 1978 3001 2044 histo-

543 2080 714 2165 riae
809 2083 1045 2167 quasi
1161 2082 1706 2151 fundamenta
1808 2105 1990 2151 esse
2070 2084 2304 2151 modo
2406 2084 2992 2170 probavimus,

543 2184 877 2271 ipsosne
927 2188 1251 2255 Plinius
1301 2191 1796 2277 inspexerit,
1876 2212 1979 2257 an
2040 2192 2119 2257 in
2182 2192 2429 2258 unius
2487 2212 2578 2257 ex
2637 2192 2755 2257 eis
2814 2212 3001 2257 auc-

537 2294 862 2359 toribus
910 2294 1134 2362 libro
1185 2298 1654 2384 exscriptos
1703 2299 2177 2364 invenerit?

754 2400 908 2481 Quo
957 2403 1197 2489 plures
1246 2404 1428 2471 docti
1488 2406 1610 2471 viri
1668 2426 1826 2472 eam
1899 2407 2385 2493 quaestionem
2460 2406 2830 2493 attingunt,
2911 2424 2992 2469 eo

531 2508 817 2594 saepius
866 2508 940 2575 in
988 2509 1304 2576 medium
1353 2511 1710 2598 profertur
1758 2513 2164 2579 coniectura
2212 2502 2647 2580 Graecorum
2705 2511 2993 2578 illorum

543 2617 1088 2683 commentarios
1147 2618 1282 2683 nisi
1353 2619 1427 2682 in
1502 2639 1759 2685 unum·
1800 2618 2127 2686 collectos
2200 2639 2343 2685 non
2414 2639 2567 2684 esse
2640 2617 2993 2684 adhibitos

532 2721 698 2808 (vgl.
724 2721 994 2789 Brunn.
1024 2723 1152 2790 ΞΒ.
1177 2725 1340 2806 312;
1387 2725 1850 2807 Oehmichen,
1886 2746 1947 2791 a.
1980 2746 2041 2790 a.
2076 2724 2294 2791 O.111
2326 2747 2340 2808 3
2395 2747 2459 2790 v.
2490 2724 3001 2791 Wilamowitz-

541 2827 1010 2900 Moellendorf
1037 2853 1049 2895 :
1102 2831 1618 2919 Philologische
1668 2827 2333 2919 Untersuchung'en,
2390 2830 2587 2896 Band
2620 2830 2733 2896 IV.
2789 2829 2995 2896 Anti-

533 2954 756 3021 gonos
781 2957 918 3004 von
944 2937 1297 3023 KarystOS,
1335 2938 1426 3025 7).
1483 2939 1678 3016 Quae
1713 2939 2120 3004 coniectura
2154 2937 2358 3004 nobis
2408 2943 2511 3003 est
2560 2938 2997 3024 argumentis

534 3039 905 3109 firmanda.
963 3042 1213 3130 Atque,
1256 3050 1333 3110 ut
1365 3043 1452 3110 ab
1501 3044 1857 3110 indicibus
1892 3044 2273 3127 ordiamur,
2330 3044 2405 3109 in
2437 3043 2757 3109 XXXIII.
2808 3043 2990 3110 libro

531 3157 806 3238 septem
877 3149 1284 3216 referuntur
1353 3157 1707 3234 auctores,
1788 3152 1911 3238 qui
1984 3151 2071 3217 de
2129 3151 2342 3217 rebus
2402 3150 2489 3216 ad
2547 3156 2769 3216 artem
2829 3170 2990 3236 per-
3050 3196 3065 3212 .

534 3257 922 3324 tinentibus
971 3257 1194 3344 egisse
1243 3258 1538 3343 putandi
1589 3264 1797 3324 sunt:
1876 3258 2247 3341 PasiteleS,
2326 3257 2760 3345 Antigonus,
2840 3255 2991 3322 Me-

531 3365 946 3444 naechmus,
986 3363 1441 3447 Xenocrates,
1484 3363 1718 3447 Duris,
1775 3362 2185 3448 Menander,
2243 3362 2702 3429 Heliodorus·
2745 3361 2988 3447 Itaque

533 3469 706 3535 nihil
782 3471 1004 3558 magis
1075 3476 1180 3543 est
1252 3477 1809 3540 consentaneum
1882 3491 2097 3557 quam
2179 3490 2507 3558 magnam
2563 3469 2745 3534 'eius
2827 3467 2991 3534 libri

532 3582 806 3663 partem
841 3583 1088 3664 putare
1123 3578 1197 3643 in
1247 3577 1680 3664 exponendis
1733 3577 1838 3644 vel
1888 3578 2222 3664 operibus
2270 3576 2379 3644 vel
2428 3575 2781 3643 artificum
2828 3564 3019 3641 vitis‘

497 3683 820 3749 ·versa1¹i.
873 3682 1009 3750 Sed
1058 3690 1334 3750 tantum
1384 3685 1600 3768 abest,
1661 3690 1737 3750 ut
1784 3685 1870 3750 de
1920 3685 2019 3750 eis
2069 3685 2350 3771 copiose
2399 3689 2664 3771 agatur,
2721 3687 2799 3748 ut
2846 3701 2989 3748 non

529 3787 838 3875 amplius
887 3796 1220 3876 quattuor
1264 3791 1683 3879 paragraphi
1734 3812 2000 3878 eaeque
2048 3812 2193 3857 non
2238 3797 2424 3857 totae
2472 3789 2560 3856 ad
2608 3788 2990 3855 caelatores

527 3901 870 3982 spectent.
925 3896 1304 3983 Propterea
1355 3903 1493 3962 tam
1543 3897 1789 3984 paucis
1840 3897 2051 3964 rebus
2099 3896 2372 3962 traditis
2422 3890 2665 3982 eisque
2728 3895 2991 3980 optime

527 4021 686 4068 sese
719 4001 1250 4088 excipientibus,
1308 4003 1558 4070 saltem
1608 4005 1682 4069 in
1724 4005 1787 4090 ἐξ
1836 4005 2205 4087 154—156,
2261 4010 2406 4069 tam
2455 4001 2715 4068 multos
2766 4001 2989 4087 scrip-

530 4114 717 4175 tores
766 4108 1078 4196 singulos
1127 4108 1518 4195 quidquam
1569 4110 1953 4176 contulisse
2005 4110 2298 4175 minime
2347 4108 2493 4174 veri
2555 4112 2660 4173 est
2730 4106 2985 4172 simile.

530 4213 740 4298 Quid,
797 4215 854 4280 si
903 4236 986 4281 ex
1041 4215 1448 4282 auctoribus
1495 4235 1720 4282 unum
1771 4217 2061 4283 omnino
2111 4236 2256 4284 non
2303 4214 2616 4301 potuisse
2665 4212 2989 4278 adhiberi

528 4319 1111 4388 demonstraturi>
1206 4321 1630 4389 Heliodorus
1679 4323 1971 4410 quidem
2021 4323 2160 4399 nisi
2208 4321 2754 4388 Atheniensium
2816 4338 2988 4385 ana-

529 4425 874 4510 themata,
951 4428 1207 4514 immo,
1287 4429 1344 4494 si
1394 4429 1582 4495 idem
1654 4430 2025 4497 habendus
2098 4436 2201 4496 est
2272 4435 2479 4515 atque
2553 4427 2690 4511 ille,
2770 4446 2985 4512 quem
